@article{
   Author = {R. Aish},
   Title = {3d Input for CAAD Systems},
   Journal = {Computer-Aided Design},
   Volume = {11},
   Number = {2},
   Pages = {66–70},
   Year = {1979} }



@inproceedings{
   Author = {D. Anderson and J. Frankel and J. Marks and D. Leigh and K. Ryall and E. Sullivan and J. Yedidia},
   Title = {Building Virtual Structures with Physical Blocks},
   BookTitle = {User Interface Software and Technology (UIST)},
   Publisher = {ACM},
   Pages = {71-72},
   Year = {1999} }



@inproceedings{
   Author = {David Anderson and James L. Frankel and Joe Marks and Aseem Agarwala and Paul Beardsley and Jessica Hodgins and Darren Leigh and Kathy Ryall and Eddie Sullivan and Jonathan S. Yedidia},
   Title = {Tangible interaction + graphical interpretation: a new approach to 3D modeling},
   BookTitle = {Computer Graphics and Interactive Techniques (SIGGRAPH)},
   Publisher = {ACM},
   Pages = {393-402},
   Note  = {344960
},
   Year = {2000} }



@misc{
   Author = {Anonymous},
   Title = {Witheld to preserve anonymity.},
   Year = {} }



@inproceedings{
   Author = {Lena Berglin},
   Title = {Spookies: combining smart materials and information technology in an interactive toy},
   BookTitle = {Interaction Design and Children (IDC)},
   Address= {Boulder, Colorado},
   Publisher = {ACM},
   Pages = {17-23},
   Note  = {1109543
},
   Year = {2005} }



@inproceedings{
   Author = {Leonardo Bonanni and Jason Alonso and Greg Vargas and Neil Chao and Hiroshi Ishii},
   Title = {Handsaw: Tangible Exploration of Volumetric Data by Direct Cut-Plane Projection},
   BookTitle = {CHI},
   Address= {Florence, Italy},
   Publisher = {ACM},
   Pages = {251-254},
   Year = {2008} }



@inproceedings{
   Author = {Leonardo Bonnanni and Chia-Hsun Lee and Ted Selker},
   Title = {Counter Intelligence: Augmented Reality Kitchen},
   BookTitle = {ALT.CHI},
   Address= {Portland, USA},
   Publisher = {ACM},
   Pages = {2239-2245},
   Year = {2005} }



@book{
   Author = {Norman Brosterman},
   Title = {Inventing Kindergarten},
   Publisher = {H. N. Abrams},
   Address = {New York},
   Year = {1997} }



@inproceedings{
   Author = {Leah Buechley and Mike Eisenberg and Jaime Catchen and Ali Crockett},
   Title = {The LilyPad Arduino: Using Computational Textiles to Investigate Engagement, Aesthetics, and Diversity in Computer Science Education},
   BookTitle = {CHI},
   Address= {Florence, Italy},
   Publisher = {ACM},
   Pages = {423-432},
   Year = {2008} }



@inproceedings{
   Author = {Keng-hao Chang and Shih-yen Liu and Hao-hua Chu and Jane Yung-jen Hsu and Cheryl Chen and Tung-yun Lin and Chieh-yu Chen and Polly Huang},
   Title = {The Diet-Aware Dining Table: Observing Dietary Behaviors over a Tabletop Surface},
   BookTitle = {Pervasive Comp},
   Address= {Dublin, Ireland},
   Pages = {366-382},
   Year = {2006} }



@article{
   Author = {Stephen Cooper and Wanda Dann and Randy Pausch},
   Title = {Alice: a 3-D tool for introductory programming concepts},
   Journal = {Computing in Small Colleges},
   Volume = {15},
   Number = {5},
   Pages = {107-116},
   Note = {364161},
   Year = {2000} }



@book{
   Author = {Richard Dawkins},
   Title = {The Selfish Gene},
   Publisher = {Oxford University Press},
   Year = {1976} }



@article{
   Author = {Daniel C Dennett},
   Title = {Real Patterns},
   Journal = {Journal of Philosophy},
   Volume = {88},
   Number = {1},
   Pages = {27-51},
   Year = {1991} }



@book{
   Author = {Daniel C Dennett},
   Title = {Darwin's Dangerous Idea: Evolution and the Meanings of Life},
   Publisher = {Simon & Schuster},
   Address = {New York},
   Year = {1995} }



@article{
   Author = {Michael Eisenberg},
   Title = {The material side of educational technology},
   Journal = {Communications of the ACM},
   Volume = {48},
   Number = {1},
   Pages = {51-54},
   Note = {1039569},
   Year = {2005} }



@inproceedings{
   Author = {M Eisenberg and L Buechley and N Elumeze},
   Title = {Computation and Construction Kits: Toward the Next Generation of Tangible Building Media for Children},
   BookTitle = {Cognition and Exploratory Learning in the Digital Age (CELDA)},
   Address= {Lisbon, Portugal},
   Pages = {423-426},
   Year = {2004} }



@inproceedings{
   Author = {M. Eisenberg and A. Eisenberg and M. D. Gross and K. Kaowthumrong and N. Lee and W. Lovet},
   Title = {Computationally-enhanced Construction Kits for Children: Prototype and Principles},
   BookTitle = {Intl Conf of the Learning Sciences (ICLS)},
   Address= {Seattle, USA},
   Pages = {79–85},
   Year = {2002} }



@inproceedings{
   Author = {C. Esposito and W. B. Paley and J. Ong},
   Title = {Of Mice and Monkeys: A specialized input device for virtual body animation},
   BookTitle = {Symposium on Interactive 3D Graphics (I3D)},
   Publisher = {ACM},
   Pages = {109–114},
   Year = {1995} }



@article{
   Author = {J. Frazer and J. Frazer and P. Frazer},
   Title = {New Developments in Intelligent Modelling},
   Journal = {Computer Graphics},
   Volume = {81},
   Pages = {139–154},
   Year = {1981} }



@inproceedings{
   Author = {Phil Frei and Victor Su and Bakhtiar Mikhak and Hiroshi Ishii},
   Title = {Curlybot: designing a new class of computational toys},
   BookTitle = {CHI},
   Address= {The Hague, The Netherlands},
   Publisher = {ACM},
   Pages = {129-136},
   Note  = {332416
},
   Year = {2000} }



@article{
   Author = {W. Fuerzeig and S. Papert and M. Bloom and S. Grant and C. Solomon},
   Title = {Programming-Languages as a Conceptual Framework for Teaching Mathematics},
   Journal = {ACM SIGCUE Outlook},
   Volume = {4},
   Number = {2},
   Pages = {13-17},
   Year = {1970} }



@book{
   Author = {James Jerome Gibson},
   Title = {The Ecological Approach to Visual Perception},
   Publisher = {Houghton Mifflin},
   Address = {Boston},
   Year = {1979} }



@inproceedings{
   Author = {A. Girouard and E. T. Solovey and L. M. Hirshfield and S. Ecott and O. Shaer and R. J. K. Jacob},
   Title = {Smart blocks: A tangible mathematical manipulative},
   BookTitle = {Tangible and Embedded Interaction (TEI)},
   Publisher = {ACM},
   Pages = {183–186},
   Year = {2007} }



@inproceedings{
   Author = {M. Gorbet and M. Orth},
   Title = {Triangles: Design of a physical/digital construction kit},
   BookTitle = {Designing Interactive Systems (DIS)},
   Publisher = {ACM},
   Pages = {125–128},
   Year = {1997} }



@inproceedings{
   Author = {Matthew G Gorbet and Maggie Orth and Hiroshi Ishii},
   Title = {Triangles: tangible interface for manipulation and exploration of digital information topography},
   BookTitle = {CHI},
   Address= {Los Angeles, USA},
   Publisher = {ACM},
   Pages = {49-56},
   Note  = {274652
49-56},
   Year = {1998} }



@inproceedings{
   Author = {Saul Greenberg and Chester Fitchett},
   Title = {Phidgets: easy development of physical interfaces through physical widgets},
   BookTitle = {User Interface Software and Technology (UIST)},
   Address= {Orlando, Florida},
   Publisher = {ACM},
   Pages = {209-218},
   Note  = {502388
},
   Year = {2001} }



@phdthesis{
   Author = {Mark D Gross},
   Title = {Design as Exploring Constraints},
   School = {Massachusetts Institute of Technology},
   Type = {Ph. D. dissertation},
   Year = {1986} }



@inproceedings{
   Author = {Michael S. Horn and Robert J. K. Jacob},
   Title = {Designing tangible programming languages for classroom use},
   BookTitle = {Tangible and Embedded Interaction (TEI)},
   Address= {Baton Rouge, USA},
   Publisher = {ACM},
   Pages = {159-162},
   Note  = {1227003
},
   Year = {2007} }



@inproceedings{
   Author = {Michael S. Horn and Robert J. K. Jacob},
   Title = {Tangible programming in the classroom with tern},
   BookTitle = {Extended Abstracts of CHI},
   Address= {San Jose, USA},
   Publisher = {ACM},
   Pages = {1965-1970},
   Note  = {1240933
},
   Year = {2007} }



@inproceedings{
   Author = {Michael S. Horn and Erin Treacy Solovey and Robert J.K. Jacob},
   Title = {Tangible Programming and Informal Science Learning: Making TUIs Work for Museums},
   BookTitle = {Interaction Design and Children (IDC)},
   Address= {Chicago, USA},
   Publisher = {ACM},
   Pages = {194-201},
   Year = {2008} }



@book{
   Author = {Tom Igoe},
   Title = {Making Things Talk: Practical Methods for Connecting Physical Objects},
   Publisher = {O'Reilly},
   Address = {Sebastopol},
   Year = {2007} }



@inproceedings{
   Author = {Hiroshi Ishii and Brygg Ullmer},
   Title = {Tangible Bits: Towards Seamless Interfaces between People, Bits and Atoms},
   BookTitle = {CHI},
   Address= {Atlanta, USA},
   Publisher = {ACM},
   Pages = {234-241},
   Year = {1997} }



@inproceedings{
   Author = {Robert J. K. Jacob and Audrey Girouard and Leanne M. Hirshfield and Michael S. Horn and Orit Shaer and Erin Treacy Solovey and Jamie Zigelbaum},
   Title = {Reality-based interaction: a framework for post-WIMP interfaces},
   BookTitle = {CHI},
   Address= {Florence, Italy},
   Publisher = {ACM},
   Pages = {201-210},
   Note  = {1357089
},
   Year = {2008} }



@misc{
   Author = {Alan Kay},
   Title = {Squeak Etoys, Children, and Learning},
   Month = {2008},
   URL = {http://www.squeakland.org/content/articles/attach/etoys_n_learning.pdf},
   Year = {} }



@inproceedings{
   Author = {Yoshifumi Kitamura and Yuichi Itoh and Fumio Kishino},
   Title = {Real-time 3D interaction with ActiveCube},
   BookTitle = {Extended Abstracts of CHI},
   Address= {Seattle, USA},
   Publisher = {ACM},
   Pages = {355-356},
   Note  = {634277
},
   Year = {2001} }



@inproceedings{
   Author = {V. LeClerc and A. Parkes and H. Ishii},
   Title = {Senspectra: A computationally augmented physical modeling toolkit for sensing and visualization of structural strain},
   BookTitle = {CHI},
   Address= {San Jose, USA},
   Publisher = {ACM},
   Pages = {801–804},
   Year = {2007} }



@inproceedings{
   Author = {J. Maloney and L. Burd and Y. Kafai and N. Rusk and B. Silverman and M. Resnick},
   Title = {Scratch: a sneak preview},
   BookTitle = {Conference on Creating, Connecting and Collaborating through Computing (C5)},
   Address= {Kyoto, Japan},
   Publisher = {IEEE},
   Pages = {104-109},
   Keywords = {computer graphics
distributed programming
educational computing
object-oriented programming
programming environments
visual programming
Scratch
after-school centers
media-rich programming environment
networked programming environment
technological fluency},
   Year = {2004} }



@book{
   Author = {F G Martin},
   Title = {Robotic Explorations: A Hands-on Introduction to Engineering},
   Publisher = {Prentice Hall},
   Address = {Upper Saddle River},
   Year = {2000} }



@phdthesis{
   Author = {Timothy S. McNerney},
   Title = {Tangible Programming Bricks: An approach to making programming accessible to everyone},
   School = {Massachusetts Institute of Technology},
   Type = {M.S. Thesis, Media Laboratory},
   Year = {2000} }



@article{
   Author = {Timothy S. McNerney},
   Title = {From turtles to Tangible Programming Bricks: explorations in physical language design},
   Journal = {Personal Ubiquitous Computing},
   Volume = {8},
   Number = {5},
   Pages = {326-337},
   Note = {1023817},
   Year = {2004} }



@inproceedings{
   Author = {David Merrill and Jeevan Kalanithi and Pattie Maes},
   Title = {Siftables: Towards Sensor Network User Interfaces},
   BookTitle = {Tangible and Embedded Interaction (TEI)},
   Address= {Baton Rouge, USA},
   Publisher = {ACM},
   Pages = {75-78},
   Year = {2007} }



@inproceedings{
   Author = {Yasuhiro Minami and Minako Sawaki and Kohji Dohsaka and Ryuichiro Higashinaka and Kentaro Ishizuka and Hideki Isozaki and Tatsushi Matsubayashi and Masato Miyoshi and Atsushi Nakamura and Takanobu Oba and Hiroshi Sawada and Takeshi Yamada and Eisaku Maeda},
   Title = {The World of Mushrooms: Human-Computer Interaction Prototype Systems for Ambient Intelligence},
   BookTitle = {Intl Conf on Multimodal Interaction (ICMI)},
   Address= {Nagoya, Japan},
   Publisher = {ACM},
   Pages = {366-373},
   Year = {2007} }



@book{
   Author = {Donald A Norman},
   Title = {The Psychology of Everyday Things},
   Publisher = {Basic Books},
   Address = {New York},
   Year = {1988} }



@article{
   Author = {Donald A Norman},
   Title = {Affordance, conventions, and design},
   Journal = {interactions},
   Volume = {6},
   Number = {3},
   Pages = {38-43},
   Note = {301168},
   Year = {1999} }



@techreport{
   Author = {Claire O’Malley and Danae Stanton Fraser},
   Title = {Literature Review in Learning with Tangible Technologies},
   Note = {report 12},
   Year = {2004} }



@book{
   Author = {Dan O'Sullivan and Tom Igoe},
   Title = {Physical Computing: Sensing and Controlling the Physical World with Computers},
   Publisher = {Thomson Course Technology},
   Address = {Boston},
   Year = {2004} }



@book{
   Author = {Seymour Papert},
   Title = {Mindstorms: children, computers, and powerful ideas},
   Publisher = {Basic Books, Inc.},
   Address = {New York},
   Year = {1980} }



@inproceedings{
   Author = {A. Parkes and V. LeClerc and H. Ishii},
   Title = {Glume: exploring materiality in a soft augmented modular modeling system},
   BookTitle = {Extended Abstracts of CHI},
   Publisher = {ACM},
   Pages = {1211–1216},
   Year = {2006} }



@inproceedings{
   Author = {Amanda J. Parkes and Hayes Solos Raffle and Hiroshi Ishii},
   Title = {Topobo in the wild: longitudinal evaluations of educators appropriating a tangible interface},
   BookTitle = {CHI},
   Address= {Florence, Italy},
   Publisher = {ACM},
   Pages = {1129-1138},
   Note  = {1357232
},
   Year = {2008} }



@inproceedings{
   Author = {James Patten and Hiroshi Ishii},
   Title = {Mechanical Constraints as Computational Constraints in Tabletop Tangible Interfaces},
   BookTitle = {CHI},
   Address= {San Jose, USA},
   Publisher = {ACM},
   Pages = {809-818},
   Year = {2007} }



@inproceedings{
   Author = {Hayes Raffle and Hiroshi Ishii and Laura Yip},
   Title = {Remix and Robo: sampling, sequencing and real-time control of a tangible robotic construction system},
   BookTitle = {Interaction Design and Children (IDC)},
   Address= {Aalborg, Denmark},
   Publisher = {ACM},
   Pages = {89-96},
   Year = {2007} }



@inproceedings{
   Author = {H. Raffle and A. Parkes and H. Ishii},
   Title = {Topobo: A constructive assembly system with kinetic memory},
   BookTitle = {CHI},
   Publisher = {ACM},
   Pages = {647-654},
   Year = {2004} }



@inproceedings{
   Author = {H. Raffle and A. Parkes and H. Ishii and J. Lifton},
   Title = {Beyond record and play: backpacks: tangible modulators for kinetic behavior},
   BookTitle = {CHI},
   Publisher = {ACM Press},
   Pages = {681–690},
   Year = {2006} }



@inproceedings{
   Author = {Hayes Raffle and Cati Vaucelle and Ruibing Wang and Hiroshi Ishii},
   Title = {Jabberstamp: Embedding sound and voice in traditional drawings},
   BookTitle = {Interaction Design and Children (IDC)},
   Address= {Aalborg, Denmark},
   Publisher = {ACM},
   Pages = {137-144},
   Year = {2007} }



@inproceedings{
   Author = {Casey Reas and Benjamin Fry},
   Title = {Processing: a learning environment for creating interactive Web graphics},
   BookTitle = {SIGGRAPH Web Graphics},
   Address= {San Diego, California},
   Publisher = {ACM},
   Pages = {1-1},
   Note  = {965390},
   Year = {2003} }



@inproceedings{
   Author = {Mitchel Resnick},
   Title = {StarLogo: an environment for decentralized modeling and decentralized thinking},
   BookTitle = {Common Ground at CHI},
   Address= {Vancouver, Canada},
   Publisher = {ACM},
   Pages = {11-12},
   Note  = {257095
},
   Year = {1996} }



@article{
   Author = {Mitchel Resnick and Amy Bruckman and Fred Martin},
   Title = {Pianos not stereos: creating computational construction kits},
   Journal = {interactions},
   Volume = {3},
   Number = {5},
   Pages = {40-50},
   Note = {234762},
   Year = {1996} }



@inproceedings{
   Author = {M Resnick and F Martin and R Berg and R Borovoy and V Colella and K Kramer and B Silverman},
   Title = {Digital manipulatives: new toys to think with},
   BookTitle = {CHI},
   Address= {Los Angeles, USA},
   Publisher = {ACM Press},
   Pages = {281-287},
   Year = {1998} }



@article{
   Author = {M. Resnick and F. Martin and R. Sargent and B. Silverman},
   Title = {Programmable bricks: toys to think with},
   Journal = {IBM Systems Journal},
   Volume = {35},
   Number = {3-4},
   Pages = {443-452},
   Note = {243530},
   Year = {1996} }



@inproceedings{
   Author = {Mitchel Resnick and Brian Silverman},
   Title = {Some reflections on designing construction kits for kids},
   BookTitle = {Interaction Design and Children (IDC)},
   Address= {Boulder, USA},
   Publisher = {ACM},
   Pages = {117-122},
   Note  = {1109556
},
   Year = {2005} }



@inproceedings{
   Author = {E. Schweikardt and M. D Gross},
   Title = {roBlocks: a robotic construction kit for mathematics and science education},
   BookTitle = {Intl. Conf. on Multimodal Interfaces (ICMI)},
   Address= {Banff, Canada},
   Publisher = {ACM},
   Pages = {72-75},
   Year = {2006} }



@book{
   Author = {H A Simon},
   Title = {The Sciences of the Artificial},
   Publisher = {MIT Press},
   Address = {Cambridge, MA, USA},
   Year = {1969} }



@inproceedings{
   Author = {K. Stoy and A. Lyder and R.F.M. Garcia and D. Christensen},
   Title = {Hierarchical Robots},
   BookTitle = {Workshop on Self-Reconfiguring Robots at Intelligent Robots and Systems (IROS)},
   Address= {San Diego, USA},
   Publisher = {IEEE},
   Year = {2007} }



@inproceedings{
   Author = {J W Suh and S B Homans and M Yim},
   Title = {Telecubes: mechanical design of a module for self-reconfigurable robotics},
   BookTitle = {Intl. Conf. on Robotics and Automation (ICRA)},
   Publisher = {IEEE},
   Pages = {4095–4101},
   Year = {2002} }



@techreport{
   Author = {Ivan E Sutherland},
   Title = {Sketchpad: A man-machine graphical communication system},
   Type = {Ph.D. Thesis},
   Year = {1963} }



@inproceedings{
   Author = {Hideyuki Suzuki and Hiroshi Kato},
   Title = {Interaction-level support for collaborative learning: AlgoBlock--an open programming language},
   BookTitle = {Computer Support for Collaborative Learning (CSCL)},
   Address= {Bloomington, United States},
   Publisher = {Lawrence Erlbaum Associates, Inc.},
   Pages = {349-355},
   Note  = {222828
},
   Year = {1995} }



@inproceedings{
   Author = {Seth Tisue and Uri Wilensky},
   Title = {NetLogo: A Simple Environment for Modeling Complexity},
   BookTitle = {Intl Conf on Complex Systems (ICCS)},
   Address= {Boston, USA},
   Year = {2004} }



@inproceedings{
   Author = {R. Watanabe and Y. Itoh and M. Asai and Y. Kitamura and F. Kishino and H. Kikuchi},
   Title = {The Soul of Activecube - implementing a flexible, multimodal, three-dimensional spatial tangible interface},
   BookTitle = {Advanced Computer Entertainment Technology (ACE)},
   Publisher = {ACM},
   Pages = {173-180},
   Year = {2004} }



@article{
   Author = {Mark Weiser},
   Title = {The Computer for the 21st Century},
   Journal = {SIGMOBILE Mobile Computing and Communations Review},
   Volume = {3},
   Number = {3},
   Pages = {3-11},
   Note = {329126},
   Year = {1999} }



@inproceedings{
   Author = {Michael Philetus Weller and Ellen Yi-Luen Do},
   Title = {Architectural Robotics: A New Paradigm for the Built Environment},
   BookTitle = {Design Sciences & Technology (EuropIA)},
   Address= {Montreal, Canada},
   Year = {2007} }



@inproceedings{
   Author = {Michael Philetus Weller and Ellen Yi-Luen Do and Mark D Gross},
   Title = {Escape Machine: teaching computational thinking with a tangible state machine game},
   BookTitle = {Interaction Design and Children (IDC)},
   Address= {Chicago, USA},
   Publisher = {ACM},
   Pages = {282-289},
   Note  = {to appear},
   Year = {2008} }



@inproceedings{
   Author = {Michael Philetus Weller and Ellen Yi-Luen Do and Mark D Gross},
   Title = {Posey: Instrumenting a Poseable Hub and Strut Construction Toy},
   BookTitle = {Tangible and Embedded Interaction (TEI)},
   Address= {Bonn, Germany},
   Publisher = {ACM},
   Pages = {39-46},
   Year = {2008} }



@inproceedings{
   Author = {Michael Philetus Weller and Mustafa Emre Karagozler and Brian Kirby and Jason D Campbell and Seth Copen Goldstein},
   Title = {Movement Primitives for an Orthogonal Prismatic Closed-Lattice-Constrained Self-Reconfiguring Module},
   BookTitle = {Workshop on Self-Reconfiguring Robots at Intelligent Robots and Systems (IROS)},
   Address= {San Diego, USA},
   Year = {2007} }



@article{
   Author = {J. M. Wing},
   Title = {Computational Thinking},
   Journal = {Communications of the ACM},
   Volume = {49},
   Number = {3},
   Pages = {33-35},
   Year = {2006} }



@inproceedings{
   Author = {Thomas Wrensch and Michael Eisenberg},
   Title = {The programmable hinge: toward computationally enhanced crafts},
   BookTitle = {User Interface Software and Technology (UIST)},
   Address= {San Francisco, USA},
   Publisher = {ACM},
   Pages = {89-96},
   Note  = {288577
},
   Year = {1998} }



@inproceedings{
   Author = {Peta Wyeth and Helen C. Purchase},
   Title = {Tangible programming elements for young children},
   BookTitle = {Extended Abstracts of CHI},
   Address= {Minneapolis, USA},
   Publisher = {ACM},
   Pages = {774-775},
   Note  = {506591
},
   Year = {2002} }



@inproceedings{
   Author = {M Yim and D Duff and K Roufas},
   Title = {PolyBot: A Modular Reconfigurable Robot},
   BookTitle = {Intl. Conf. on Robotics and Automation (ICRA)},
   Publisher = {IEEE},
   Pages = {515-519},
   Year = {2000} }



@inproceedings{
   Author = {Oren Zuckerman and Saeed Arida and Mitchel Resnick},
   Title = {Extending Tangible Interfaces for Education: Digital Montessori-inspired Manipulatives},
   BookTitle = {CHI},
   Address= {Portland, USA},
   Publisher = {ACM},
   Pages = {859-868},
   Year = {2005} }



