@string{ACM = "ACM"}
@string{IEEE = "IEEE"}
@string{CHI = "Human Factors in Computing (CHI)"}
@string{EXTCHI = "Ext. Abstracts of " # CHI}
@string{ALTCHI = "alt.chi at " # CHI}
@string{UIST = "User Interface Software and Technology (UIST)"}
@string{DIS = "Designing Interactive Systems (DIS)"}
@string{ICMI = "Intl Conf on Multimodal Interfaces (ICMI)"}
@string{TEI = "Tangible and Embedded Interaction (TEI)"}
@string{IDC = "Interaction Design and Children (IDC)"}
@string{IUI = "Intelligent User Interfaces (IUI)"}
@string{IROS = "Intelligent Robots and Systems (IROS)"}
@string{ICRA = "Intl Conf on Robotics and Automation (ICRA)"}
@string{IAS = "Intelligent Autonomous Systems (IAS)"}
@string{ACE = "Advances in Computer Entertainment Technology (ACE)"}
@string{CSCW = "Computer Supported Collaborative Work (CSCW)"}
@string{AH = "Augmented Human (AH)"}
@string{ICLS = "Intl Conf of the Learning Sciences (ICLS)"}
@string{UBICOMP = "Ubiquitous Computing (Ubicomp)"}
@string{SIGGRAPH = "Special Interest Group on Computer Graphics and Interactive Techniques (SIGGRAPH)"}

@inproceedings{anderson_uist1999,
  author = {David Anderson and James L Frankel and Joe Marks and Darren Leigh and Kathy Ryall and Eddie Sullivan and Jonathan Yedidia},
  title = {Building Virtual Structures with Physical Blocks},
  booktitle = UIST,
  publisher = ACM,
  year = {1999},
  pages = {71--72}
}

@inproceedings{eisenberg_icls2002,
  author = {Mike Eisenberg and Ann Eisenberg and Mark D Gross and Khomkrit Kaowthumrong and Nathaniel Lee and Will Lovet},
  title = {Computationally{}-Enhanced Construction Kits for Children: Prototype and Principles},
  booktitle = ICLS,
  year = {2002},
  pages = {79--85}
}

@inproceedings{monkey,
  author = {Chris Esposito and W Bradford Paley and and JueyChong Ong},
  title = {Of mice and monkeys: A specialized input device for virtual body animation},
  booktitle = {Symposium on Interactive 3D Graphics (SI3D)},
  publisher = ACM,
  year = {1995},
  pages = {109--114}
}

@inproceedings{triangles,
  author = {Matthew G Gorbet and Maggie Orth},
  title = {Triangles: Design of a Physical/Digital Construction Kit},
  booktitle = DIS,
  publisher = ACM,
  year = {1997},
  pages = {125--128}
}

@inproceedings{topobo,
  author = {Hayes Solos Raffle and Amanda J Parkes and Hiroshi Ishii},
  title = {Topobo: A constructive assembly system with kinetic memory},
  booktitle = CHI,
  publisher = ACM,
  year = {2004},
  pages = {647--654}
}

@inproceedings{roblocks,
 author = {Eric Schweikardt and Mark D Gross},
 title = {{roBlocks}: a robotic construction kit for mathematics and science education},
 booktitle = ICMI,
 publisher = ACM,
 year = {2006},
 pages = {72--75}
 }

@inproceedings{activecube,
  author = {Ryoichi Watanabe and Yuichi Itoh and Masatsugu Asai and Yoshifumi Kitamura and Fumio Kishino and Hideo Kikuchi},
  title = {The Soul of ActiveCube - Implementing a Flexible, Multimodal, Three-Dimensional Spatial Tangible Interface},
  booktitle = ACE,
  publisher = ACM,
  year = {2004},
  pages = {173--180}
}

@book{inventing_kindergarten,
	author = {Norman Brosterman},
	title = {Inventing Kindergarten},
	publisher = {H N Abrams},
	address = {New York},
	year = {1997},
}

@article{parkinson_ijtde1999,
  author = {Eric Parkinson},
  title = {Re-constructing the Construction Kit -- Re-constructing Childhood: A Synthesis of the Influences which have Helped to Give Shape and Form to Kit-based Construction Activities in the Primary School Classroom},
  journal = {Intl Journal of Technology and Design Education},
  volume = {9},
  number = {2},
  year = {1999},
  pages = {173--194}
}

@article{resnick_interactions1996,
 author = {Mitchel Resnick and Amy Bruckman and Fred Martin},
 title = {Pianos not stereos: creating computational construction kits},
 journal = {interactions},
 volume = {3},
 number = {5},
 publisher = ACM,
 year = {1996},
 pages = {40--50}
}

@article{programmable_bricks,
  author = {Mitchel Resnick and Fred Martin and Randy Sargent and Brian Silverman},
  title = {Programmable bricks: Toys to think with},
  journal = {IBM Systems journal},
  volume = {35},
  number = {3.4},
  pages = {443--452},
  year = {1996},
  publisher = {IBM}
}

@inproceedings{resnick_chi1998,
 author = {Mitchel Resnick and Fred Martin and Robert Berg and Rick Borovoy and Vanessa Colella and Kwin Kramer and Brian Silverman},
 title = {Digital manipulatives: new toys to think with},
 booktitle = CHI,
 publisher = ACM,
 year = {1998},
 pages = {281--287},
}

@article{mcnerny_puc2004,
 author = {Timothy S McNerney},
 title = {From turtles to Tangible Programming Bricks: explorations in physical language design},
 journal = {Personal and Ubiquitous Computing},
 volume = {8},
 number = {5},
 publisher = {Springer-Verlag},
 year = {2004},
 pages = {326--337},
}

@inproceedings{eisenberg_celda2004,
  author = {Mike Eisenberg and Leah Buecheley and Nwanua Elumeze},
  title = {Computation and Construction Kits: Toward the Next Generation of Tangible Building Media for Children},
  booktitle = {Cognition and Exploratory Learning in Digital Age (CELDA)},
  year = 2004,
  pages = {423--426}
}

@article{aish_cad1979,
  author = {Robert Aish},
  title = {3D Input for CAAD Systems},
  journal = {Computer-Aided Design},
  volume = {11},
  number = {2},
  publisher = {Elsevier},
  year = {1979},
  pages = {66--70}
}

@inproceedings{smart_blocks,
  author = {Audrey Girouard and Erin Treacy Solovey and Leanne M Hirshfield and Stacey Ecott and Orit Shaer and Robert J K Jacob},
  title = {Smart Blocks: A Tangible Mathematical Manipulative},
  booktitle = TEI,
  publisher = ACM,
  year = {2007},
  pages = {183--186}
}

@inproceedings{topobo_backpacks,
  author = {Hayes Solos Raffle and Amanda J Parkes and Hiroshi Ishii and Joshua Lifton},
  title = {Beyond record and play: backpacks: tangible modulators for kinetic behavior},
  booktitle = CHI,
  publisher = ACM,
  year = {2006},
  pages = {681--690}
}

@inproceedings{glume,
 author = {Amanda J Parkes and Vincent LeClerc and Hiroshi Ishii},
 title = {Glume: exploring materiality in a soft augmented modular modeling system},
 booktitle = EXTCHI,
 publisher = ACM,
 year = {2006},
 pages = {1211--1216},
}

@inproceedings{senspectra,
 author = {Vincent LeClerc and Amanda J Parkes and Hiroshi Ishii},
 title = {Senspectra: a computationally augmented physical modeling toolkit for sensing and visualization of structural strain},
 booktitle = CHI,
 publisher = ACM,
 year = {2007},
 pages = {801--804}
}

@article{frazer_cg1981,
  author = {J Frazer and J Frazer and P Frazer},
  title = {New developments in intelligent modelling},
  journal = {Computer Graphics},
  volume = {81},
  publisher = {Online Publications},
  year = {1981},
  pages = {139--154}
}

@inproceedings{posey_ball_and_socket,
  author = {Michael Philetus Weller and Mark D Gross and Ellen Yi-Luen Do},
  title = {An Optocoupled Poseable Ball and Socket Joint for Computationally Enhanced Construction Kits},
  booktitle = {Robot Communication and Coordination (Robocomm)},
  year = {2009},
  pages = {1--6}
}

@book{mindstorms,
	author = {Seymour Papert},
	title = {Mindstorms: Children, Computers, and Powerful Ideas},
	publisher = {Basic Books},
	address = {New York},
	year = {1980}
}

@misc{pymol,
  author = {DeLano, Warren L},
  title = {The PyMOL Molecular Graphics System},
  year = {2008},
  note = {\url{http://pymol.sourceforge.net}},
}

@book{wright_1943,
	author = {Frank Lloyd Wright},
	title = {An Autobiography},
	publisher = {Duell, Sloan and Pearce},
	address = {New York},
	year = {1943},
}

@article{weiser_1999,
   Author = {Mark Weiser},
   Title = {The Computer for the 21st Century},
   Journal = {SIGMOBILE Mobile Computing and Communations Review},
   Volume = {3},
   Number = {3},
   Year = {1999},
   Pages = {3--11}
}

@techreport{nesta_tangible_learning,
   author = {Claire O'Malley and Danae Stanton Fraser},
   title = {Literature Review in Learning with Tangible Technologies},
   institution = {NESTA FutureLab Series},
   type = {Report},
   number = {12},
   year = {2004}
}
   
@inproceedings{tern_classroom,
   author = {Michael S Horn and Robert J K Jacob},
   title = {Tangible programming in the classroom with tern},
   booktitle = EXTCHI,
   publisher = {ACM},
   pages = {1965--1970},
   year = {2007}
}
   
@inproceedings{tern_museum,
   author = {Michael S Horn and Erin Treacy Solovey and Robert J K Jacob},
   title = {Tangible Programming and Informal Science Learning: Making {TUI}s Work for Museums},
   booktitle = IDC,
   publisher = ACM,
   year = {2008},
   pages = {194--201}
}

@inproceedings{topobo_in_the_wild,
  author = {Amanda J Parkes and Hayes Solos Raffle and Hiroshi Ishii},
  title = {Topobo in the wild: longitudinal evaluations of educators appropriating a tangible interface},
  booktitle = CHI,
  publisher = ACM,
  year = {2008},
  pages = {1129--1138}
}

@inproceedings{lilypad_arduino,
  author = {Leah Buechley and Mike Eisenberg and Jaime Catchen and Ali Crockett},
  title = {The Lily{P}ad Arduino: Using Computational Textiles to Investigate Engagement, Aesthetics, and Diversity in Computer Science Education},
  booktitle = CHI,
  publisher = ACM,
  year = {2008},
  pages = {423--432}
}

@article{shneiderman_computer1983,
  author={Ben Shneiderman},
  title={Direct Manipulation: A Step Beyond Programming Languages},
  journal={Computer},
  volume={16},
  number={8},
  publisher = {IEEE},
  year={1983},
  pages={57--69}
}

@inproceedings{jacob_chi2008,
  author = {Jacob, Robert J K and Girouard, Audrey and Hirshfield, Leanne M and Horn, Michael S and Shaer, Orit and Solovey, Erin Treacy and Zigelbaum, Jamie},
  title = {Reality-based interaction: a framework for post-WIMP interfaces},
  booktitle = CHI,
  publisher = ACM,
  year = {2008},
  pages = {201--210}
}

@inproceedings{tangible_bits,
  author = {Ishii, Hiroshi and Ullmer, Brygg},
  title = {Tangible bits: towards seamless interfaces between people, bits and atoms},
  booktitle = CHI,
  publisher = ACM,
  year = {1997},
  pages = {234--241},
}

@inproceedings{patten_chi2007,
  author = {James Patten and Hiroshi Ishii},
  title = {Mechanical constraints as computational constraints in tabletop tangible interfaces},
  booktitle = CHI,
  publisher = ACM,
  year = {2007},
  pages = {809--818},
}

@inproceedings{algoblock,
  author = {Hideyuki Suzuki and Hiroshi Kato},
  title = {Interaction-level support for collaborative learning: AlgoBlock---an open programming language},
  booktitle = {Computer Support for Collaborative Learning (CSCL)},
  publisher = {L. Erlbaum Associates},
  year = {1995},
  pages = {349--355}
}

@inproceedings{jabberstamp,
  author = {Hayes Solos Raffle and Cati Vaucelle and Ruibing Wang and Hiroshi Ishii},
  title = {Jabberstamp: embedding sound and voice in traditional drawings},
  booktitle = IDC,
  publisher = ACM,
  year = {2007},
  pages = {137--144},
}

@inproceedings{handsaw,
  author = {Leonardo Bonanni and Jason Alonso and Greg Vargas and Neil Chao and Hiroshi Ishii},
  title = {Handsaw: Tangible Exploration of Volumetric Data by Direct Cut-Plane Projection},
  booktitle = CHI,
  publisher = ACM,
  year = {2008},
  pages = {251--254}
}

@inproceedings{flowblocks,
  author = {Oren Zuckerman and Saeed Arida and Mitchel Resnick},
  title = {Extending tangible interfaces for education: digital montessori-inspired manipulatives},
  booktitle = CHI,
  publisher = ACM,
  year = {2005},
  pages = {859--868}
}

@inproceedings{navblocks,
  author = {Ken Camarata and Ellen Yi-Luen Do and Brian R Johnson and Mark D Gross},
  title = {Navigational blocks: navigating information space with tangible media},
  booktitle = IUI,
  publisher = ACM,
  year = {2002},
  pages = {31--38},
}

@inproceedings{weller_europia2007,
  author = {Michael Philetus Weller and Ellen Yi-Luen Do},
  title = {Architectural Robotics: A New Paradigm for the Built Environment},
  booktitle = {Design Sciences and Technology (EuropIA.11)},
  publisher = {EuropIA},
  year = {2007},
  pages = {353--362}
}

@article{wasp_stigmergy,
   Author = {Guy Theraulaz and Eric Bonabeau},
   Title = {Modelling the Collective Building of Complex Architectures in Social Insects with Lattice Swarms},
   Journal = {Journal of Theoretical Biology},
   Volume = {177},
   Number = {4},
   Year = {1995},
   Pages = {381--400}
}

@article{goldstein_computer2005,
  author = {Seth Copen Goldstein and Jason D Campbell and Todd C Mowry},
  title = {Programmable Matter},
  journal = {Computer},
  publisher = IEEE,
  volume = {38},
  number = {6},
  year = {2005},
  pages = {99--101},
}

@article{crystalline_atom,
   Author = {Daniela Rus and Marsette Vona},
   Title = {Crystalline robots: Self{}-reconfiguration with compressible unit modules},
   Journal = {Autonomous Robots},
   Volume = {10},
   Number = {1},
   Pages = {107--124},
   Year = {2001}
}

@inproceedings{odin,
  title = {Mechanical design of odin, an extendable heterogeneous deformable modular robot},
  author = {Andreas Lyder and Ricardo Franco Mendoza Garcia and Kasper Stoy},
  booktitle = IROS,
  publisher = IEEE,
  year = {2008},
  pages = {883--888}
}

@inproceedings{telecube,
   Author = {John W Suh and Samuel B Homans and Mark Yim},
   Title = {Telecubes: mechanical design of a module for self{}-reconfigurable robotics},
   BookTitle = ICRA,
   Publisher = IEEE,
   Pages = {4095--4101},
   Year = {2002}
}

@article{tetrobot,
   Author = {Gregory J Hamlin and Arthur C Sanderson},
   Title = {{TETROBOT}: a modular approach to parallel robotics},
   Journal = {Robotics and Automation},
   Volume = {4},
   Number = {1},
   Pages = {42--50},
   Year = {1997}
}

@inproceedings{jones_icra2003,
   author = {Chris Jones and Maja J Mataric},
   title = {From local to global behavior in intelligent self-assembly},
   booktitle = ICRA,
   publisher = IEEE,
   pages = {721--726},
   year = {2003}
}

@inproceedings{atron,
   author = {Morten Winkler Jorgensen and Esben Hallundbaek Ostergaard and Henrik Hautop Lund},
   title = {Modular ATRON: modules for a self{}-reconfigurable robot},
   booktitle = IROS,
   publisher = IEEE,
   pages = {2068--2073},
   year = {2004}
}

@inproceedings{karagozler_iros2007,
   Author = {Mustafa Emre Karagozler and Jason D  Campbell and Gary K  Fedder and Seth Copen  Goldstein and Michael Philetus Weller and Byung W Yoon},
   Title = {Electrostatic Latching for Inter-module Adhesion, Power Transfer, and Communication in Modular Robots},
   BookTitle = IROS,
   Publisher = IEEE,
   Pages = {2779--2786},
   Year = {2007}
}

@inproceedings{fracta,
   Author = {Satoshi Murata and Haruhisa Kurokawa and Shigeru Kokaji},
   Title = {Self-assembling machine},
   BookTitle = ICRA,
   Publisher = IEEE,
   Pages = {441--448},
   Year = {1994}
}

@inproceedings{murata_icra1998,
   Author = {Satoshi Murata and Haruhisa Kurokawa and Eiichi Yoshida and Kohji Tomita and Shigeru Kokaji},
   Title = {A 3-D Self{}-Reconfigurable Structure},
   BookTitle = ICRA,
   Publisher = IEEE,
   Pages = {432--439},
   Year = {1998}
}

@article{mtran,
   Author = {Satoshi Murata and Eiichi Yoshida and Akiya Kamimura and Haruhisa Kurokawa and Kohji Tomita and Shigeru Kokaji},
   Title = {M-TRAN: self{}-reconfigurable modular robotic system},
   Journal = {Trans on Mechatronics},
   Volume = {7},
   Number = {4},
   Pages = {431--441},
   Year = {2002}
}

@inproceedings{robotic_molecule,
  author = {Keith Kotay and Daniela Rus and Marsette Vona and Craig McGray},
  title = {The self{}-reconfiguring robotic molecule},
  booktitle = ICRA,
  publisher = IEEE,
  pages = {424--431},
  year = {1998}
}

@inproceedings{telecube_metamodule,
   Author = {Serguei Vassilvitskii and Mark Yim and John Suh},
   Title = {A complete, local and parallel reconfiguration algorithm for cube style modular robots},
   BookTitle = ICRA,
   Publisher = IEEE,
   Pages = {117--122},
   Year = {2002}
}

@article{proteo,
   Author = {Mark Yim and Ying Zhang and John Lamping and Eric Mao},
   Title = {Distributed Control for 3D Metamorphosis },
   Journal = {Autonomous Robots},
   Volume = {10},
   Number = {1},
   Pages = {41--56},
   Year = {2001}
}

@inproceedings{fitch_icra2007,
   author = {Robert Fitch and Zack Butler},
   title = {Scalable Locomotion for Large Self{}-Reconfiguring Robots},
   booktitle = ICRA,
   publisher = IEEE,
   pages = {2248--2253},
   year = {2007}
}

@article{yim_ra2007,
   Author = {Mark Yim and Wei-Min Shen and Behnam Salemi and Daniela Rus and Mark Moll and Hod Lipson and Eric Klavins and Gregory S Chirikjian},
   Title = {Modular Self{}-Reconfigurable Robot Systems},
   Journal = {Robotics and Automation},
   Volume = {14},
   Number = {1},
   Pages = {43--52},
   Year = {2007}
}

@inproceedings{hole_motion_planner,
   author = {Michael De~Rosa and Seth Copen Goldstein and Peter Lee and Jason D Campbell and Padmanabhan Pillai},
   title = {Scalable Shape Sculpting Via Hole Motion: Motion Planning in Lattice-Constrained Module Robots},
   booktitle = ICRA,
   publisher = IEEE,
   pages = {1462--1468},
   year = {2006}
}

@inproceedings{metamodule_planner,
   author={Daniel J Dewey and Siddhartha S Srinivasa and Michael P Ashley-Rollman and Michael De~Rosa and Padmanabhan Pillai and Todd C Mowry and Jason D Campbell and Seth Copen Goldstein},
   title={Generalizing Metamodules to Simplify Planning in Modular Robotic Systems},
   booktitle = IROS,
   publisher = IEEE,
   year = {2008}
}

@inproceedings{butler_icra2002,
  title = {Generic decentralized control for a class of self{}-reconfigurable robots},
  author = {Zack Butler and Keith Kotay and Daniela Rus and Kohji Tomita},
  booktitle = ICRA,
  publisher = IEEE,
  pages = {809--816},
  year = {2002}
}

@article{million_module_march,
  author = {Fitch, Robert and Butler, Zack},
  title = {Million Module March: Scalable Locomotion for Large Self{}-Reconfiguring Robots},
  journal = {Intl Journal of Robotics Research},
  volume = {27},
  number = {3--4},
  pages = {331--343},
  year = {2008}
}

@inproceedings{pamecha_detc1996,
  title = {Design and implementation of metamorphic robots},
  author = {Amit Pamecha and Chih-Jung Chiang and David Stein and Gregory Chirikjian},
  booktitle = {Design Engineering Technical Conf and Computers in Engineering Conf},
  publisher = {ASME},
  year = {1996}
}

@inproceedings{christensen_icra2006,
  title = {Selecting a meta-module to shape-change the ATRON self{}-reconfigurable robot},
  author = {David Johan Christensen and Kasper Stoy},
  booktitle = ICRA,
  publisher = IEEE,
  year = {2006},
  pages = {2532--2538}
}

@inproceedings{christensen_ias2004,
  title = {Metamodule Control for the ATRON Self{}-Reconfigurable Robotic System},
  author = {David Johan Christensen and Esben Hallundbaek ostergaard and Henrik Hautop Lund},
  booktitle = {Intelligent Autonomous Systems (IAS)},
  year = {2004},
  pages = {685--692}
}

@inproceedings{ldp,
  title = {Programming Modular Robots with Locally Distributed Predicates},
  author = {Michael De~Rosa and Seth Copen Goldstein and Peter Lee and Jason D Campbell and Padmanabhan Pillai},
  booktitle = ICRA,
  publisher = IEEE,
  year = {2008}
}

@inproceedings{meld,
  author = {Michael P Ashley-Rollman and Seth Copen Goldstein and Peter Lee and Todd C Mowry and Padmanabhan Pillai},
  title = {Meld: A Declarative Approach to Programming Ensembles},
  booktitle = IROS,
  publisher = IEEE,
  year = {2007},
  pages = {1--7},
}

@article{klavins_tac2006,
  author={Eric Klavins and Robert Ghrist and David Lipsky},
  title={A grammatical approach to self-organizing robotic systems},
  journal={Trans on Automatic Control},
  year={2006},
  volume={51},
  number={6},
  pages={949--962}
}

@inproceedings{stoy_dars2004,
  title={Self{}-reconfiguration using directed growth},
  author={Kasper Stoy and Radhika Nagpal},
  booktitle={Distributed Autonomous Robotic Systems (DARS)},
  year={2004},
  pages={1--10}
}

@inproceedings{posey,
 author = {Michael Philetus Weller and Ellen Yi-Luen Do and Mark D Gross},
 title = {Posey: instrumenting a poseable hub and strut construction toy},
 booktitle = {Tangible and Embedded Interaction (TEI)},
 publisher = {ACM},
 year = {2008},
 pages = {39--46}
}

@inproceedings{curlybot,
  author={Phil Frei and Victor Su and Bakhtiar Mikhak and Hiroshi Ishii},
  title={Curlybot: Designing a New Class of Computational Toys},
  booktitle={Factors in Human-Computer Interaction (CHI)},
  publisher={ACM},
  year={2000},
  pages={129--136}
}

@inproceedings{ckbot_explosion,
  title = {Towards robotic self{}-reassembly after explosion},
  author = {Mark Yim and Babak Shirmohammadi and Jimmy Sastra and Mike Park and Mike Dugan and C J Taylor},
  booktitle = IROS,
  publisher = IEEE,
  year = {2007},
  pages = {2767--2772}
}

@inproceedings{polybot,
  author =  {Mark Yim and David G Duff and Kimon D Roufas},
  title = {PolyBot: a modular reconfigurable robot},
  booktitle = ICRA,
  publisher = IEEE,
  year = {2000},
  pages = {514--520}
}

@inproceedings{phidgets,
  author = {Saul Greenberg and Chester Fitchett},
  title = {Phidgets: easy development of physical interfaces through physical widgets},
  booktitle = UIST,
  publisher = ACM,
  year = {2001},
  pages = {209--218}
}

@inproceedings{siftables,
  author = {David Merrill and Jeevan Kalanithi and Pattie Maes},
  title = {Siftables: Towards Sensor Network User Interfaces},
  booktitle = TEI,
  publisher = ACM,
  year = {2007},
  pages = {75--78}
}

@article{zykov_nature2005,
  author = {Victor Zykov and Efstathios Mytilinaios and Bryant Adams and Hod Lipson},
  title = {Self-reproducing machines},
  journal = {Nature},
  volume = {435},
  number = {7039},
  year = {2005},
  pages = {163--164}
}

@article{molecubes,
  title = {Evolved and Designed Self-Reproducing Modular Robotics},
  author = {Victor Zykov and Efstathios Mytilinaios and Mark Desnoyer and Hod Lipson},
  journal = {Trans on Robotics},
  publisher = {IEEE},
  volume = {23},
  number = {2},
  year = {2007},
  pages = {308--319} 
}

@inproceedings{smarttiles,
  author = {Nwanua Elumeze and Mike Eisenberg},
  title = {SmartTiles: Mobility and Wireless Programmability in Children's Construction and Crafts},
  booktitle = {Wireless and Mobile Technologies in Education (WMTE)},
  publisher = IEEE,
  year = {2005}
}

@book{berlekamp_1982,
  author = {Elwyn R Berlekamp and John H Conway and Richard K Guy},
  title = {Winning Ways for your Mathematical Plays},
  publisher = {Academic Press},
  address = {New York},
  year = {1982}
}

@article{gardner_life_sa1970,
  author = {Martin Gardner},
  title = {Mathematical Games: The Fantastic Combinations of {John Conway}'s New Solitaire Game '{Life}'},
  journal = {Scientific American},
  volume = {223},
  number = {4},
  year = {1970},
  pages = {120--123}
}

@inproceedings{planar_catoms,
  author = {Brian T Kirby and Burak Aksak and Jason D Campbell and Jim F Hoburg and Todd C Mowry and Padmanabhan Pillai and Seth Copen Goldstein},
  title = {A modular robotic system using magnetic force effectors},
  booktitle = IROS,
  year = {2007},
  pages = {2787--2793}
}

@inproceedings{easigami,
  author = {Yingdan Huang and Mark D Gross and Ellen Yi-Luen Do and Mike Eisenberg},
  title = {Easigami: A reconfigurable folded-sheet TUI},
  booktitle = TEI,
  publisher = ACM,
  year = {2009},
  pages = {107--112}
}

@inproceedings{programmable_hinge,
  author = {Thomas Wrensch and Mike Eisenberg},
  title = {The Programmable Hinge: Toward Computationally Enhanced Crafts},
  booktitle = UIST,
  publisher = ACM,
  year = {1998},
  pages = {89--96}
}

@inproceedings{shady,
  author = {Carrick Detweiler and Marsette Vona and Keith Kotay and Daniela Rus},
  title = {Hierarchical control for self-assembling mobile trusses with passive and active links},
  booktitle = ICRA,
  publisher = IEEE,
  year = {2006},
  pages = {1483--1490}
}

@book{gibson_1979,
  author = {James J Gibson},
  title = {The Ecological Approach to Visual Perception},
  publisher = {Lawrence Erlbaum Associates},
  address = {Hillsdale},
  year = {1979}
}

@inproceedings{electronic_blocks,
  author = {Peta Wyeth and Gordon Wyeth},
  title = {Electronic Blocks: Tangible Programming Elements for Preschoolers},
  booktitle = {Human-Computer Interaction (INTERACT)},
  publisher = {IFIP},
  year = {2001},
  pages = {496--503}
}

@article{conro,
  author = {Andres Castano and Wei-Min Shen and Peter Will},
  title = {{CONRO}: Towards Deployable Robots with Inter-Robots Metamorphic Capabilities},
  journal = {Autonomous Robotics},
  publisher = {Springer},
  volume = {8},
  number = {3},
  year = {2000},
  pages = {309--324}
}

@book{freedom_evolves,
    author = {Daniel C Dennett},
    title = {Freedom Evolves},
    publisher = {Viking},
    address = {New York},
    year = {2003}
}

@article{turing_test,
  author = {Alan M Turing},
  title = {Computing Machinery and Intelligence},
  journal = {Mind},
  publisher = {Oxford University Press},
  volume = {59},
  number = {236},
  year = {1950},
  pages = {433--460}
}

@book{society_of_mind,
  author = {Marvin Minsky},
  title = {The Society of Mind},
  publisher = {Simon and Schuster},
  address = {New York},
  year = {1986}
}

@book{reflections_on_language,
  author = {Noam Chomsky},
  title = {Reflections on Language},
  publisher = {Pantheon},
  address = {New York},
  year = {1975}
}

@inproceedings{cube_corner_traversal,
  author = {Michael Philetus Weller and Brian T Kirby and H Benjamin Brown and Mark D Gross and Seth Copen Goldstein},
  title = {Design of Prismatic Cube Modules for Convex Corner Traversal in 3D},
  booktitle = IROS,
  publisher = IEEE,
  year = {2009},
  pages = {1490--1495}
}

@article{hyperform_specification,
  author = {Michael Philetus Weller and Mark D Gross and Seth Copen Goldstein},
  title = {Hyperform Specification: Designing and Interacting with Self{}-reconfiguring Materials},
  journal = {Personal and Ubiquitous Computing},
  volume = {15},
  number = {2},
  publisher = {Springer},
  year = {2011},
  pages = {133--149}
}

@inproceedings{robunculi_archibots,
  author = {Michael Philetus Weller},
  title = {Making with Robunculi},
  booktitle = {Workshop on Architectural Robotics at Ubiquitous Computing (Ubicomp)},
  publisher = {IEEE},
  year = {2009},
  pages = {1--2}
}

@book{gibson_idoru,
  author = {William Gibson},
  title = {Idoru},
  publisher = {Viking Press},
  address = {New York},
  year = {1996}
}

@book{gibson_distrust,
  author = {William Gibson},
  title = {Distrust That Particular Flavor},
  publisher = {Putnam Adult},
  address = {New York},
  year = {2012}
}

@book{venturi_vegas,
  author = {Robert Venturi and Denise Scott Brown and Steven Izenour},
  title = {Learning from Las Vegas},
  publisher = {MIT Press},
  address = {Cambridge},
  year = {1972}
}

@inproceedings{bigdog,
  author = {Marc Raibert and Kevin Blankespoor and Gabriel Nelson and Rob Playter},
  title = {BigDog, the rough-terrain quadruped robot},
  booktitle = {World Congress of the Intl Fed of Automatic Control},
  year = {2008},
  pages = {1--16}
}

@inproceedings{gstalt,
 author = {Jamie Zigelbaum and Alan Browning and Daniel Leithinger and Olivier Bau and Hiroshi Ishii},
 title = {g-stalt: a chirocentric, spatiotemporal, and telekinetic gestural interface},
 booktitle = TEI,
 publisher = ACM,
 year = {2010},
 pages = {261--264}
} 

@article{scratch,
 author = {Mitchel Resnick and John Maloney and Andres Monroy Hernandez and Natalie Rusk and Evelyn Eastmond and Karen Brennan and Amon Millner and Eric Rosenbaum and Jay Silver and Brian Silverman and Yasmin Kafai},
 title = {Scratch: programming for all},
 journal = {Communications of the ACM},
 volume = {52},
 number = {11},
 year = {2009},
 publisher = ACM,
 pages = {60--67}
} 

@inproceedings{littlebits,
 author = {Ayah Bdeir},
 title = {Electronics as material: littleBits},
 booktitle = TEI,
 year = {2009},
 publisher = {ACM},
 pages = {397--400}
}

@inproceedings{n-smarts,
 author = {Richard J Honicky and Eric Brewer and Eric Paulos and Richard White},
 title = {N-smarts: networked suite of mobile atmospheric real-time sensors},
 booktitle = {Proceedings of the SIGCOMM Workshop on Networked Systems for Developing Regions},
 year = {2008},
 publisher = {ACM},
 pages = {25--30}
} 

@inproceedings{smart_pebbles,
   author = {Kyle Gilpin and Ara Knaian and Daniela Rus},
   title = {Robot Pebbles: One Centimeter Modules for Programmable Matter through Self-Disassembly},
   booktitle = {ICRA},
   publisher = IEEE,
   year = {2010},
   pages = {2485--2492},
   notes = {
       describes smart pebbles, self-dissassembling (2Dish) blocks with cool switching electromagnets that are basically tiny junkyard crane magnets
   }
}

@article{virtual_guilds,
  author = {Leonardo Bonanni and Amanda Parkes},
  title = {Virtual Guilds: Collective Intelligence and the Future of Craft},
  journal = {The Journal of Modern Craft},
  volume = {3},
  number = {2},
  publisher = {Berg},
  year = {2010},
  pages = {179--190},
  notes = {
      gives examples of distributed open design communities: steam engines; prosthetics; wearable computing. suggests open design promotes innovation, appropriate technologies
  }
}

@inproceedings{lilypad_in_the_wild,
  author = {Leah Buechley and Benjamin Mako Hill},
  title = {LilyPad in the wild: how hardware's long tail is supporting new engineering and design communities},
  booktitle = DIS,
  publisher = ACM,
  year = {2010},
  pages = {199--207},
  notes = {
    looks at gender and online postings of projects of arduino vs lilypad; suggests start a new clubhouse vs open the clubhouse model of encouraging participation
  }
} 

@inproceedings{hug,
   author = {Carl DiSalvo and Francine Gemperle and Jodi Forlizzi and Elliott Montgomery},
   title = {The Hug: an exploration of robotic form for intimate communication},
   booktitle = {Workshop on Robot and Human Interactive Communication (RO-MAN)},
   publisher = IEEE,
   year = {2003},
   pages = {403--408},
   notes = {
     pillow intrumented to afford bilocative hugging
   }
}

@article{roombot,
   author = {Alexander Sprowitz and Soha Pouya and Stephane Bonardi and Jesse van den Kieboom and Rico Mockel and Aude Billard and Pierre Dillenbourg and Auke Ijspeert},
   title = {Roombots: Reconfigurable Robots for Adaptive Furniture},
   journal = {Computational Intelligence Magazine},
   volume = {5},
   number = {3},
   publisher = IEEE,
   year = {2010},
   pages = {20--32},
   notes = {
     atron-like hyperbunkles for furniture hyperfigs
   }
}

﻿@incollection {tolley_2011,
   author = {Michael Tolley and Jonathan Hiller and Hod Lipson},
   title = {Evolutionary Design and Assembly Planning for Stochastic Modular Robots},
   booktitle = {New Horizons in Evolutionary Robotics},
   editor = {Stéphane Doncieux and Nicolas Bredèche and Jean-Baptiste Mouret},
   publisher = {Springer},
   year = {2011},
   pages = {211--225},
   notes = {
     uses genetic algorithms to create custom shape for load and then generates fabrication scheme with fluid cube printer
   }
}

@inproceedings{zykov_fluid_assembly,
   author = {Victor Zykov and Hod Lipson},
   title = {Experiment Design for Stochastic Three-Dimensional Reconfiguration of Modular Robots},
   booktitle = {Intelligent Robots and Systems (IROS) Workshop on Self-Reconfigurable Robots},
   year = {2007},
   pages = {1--4},
   notes = {
     self-assembly in fluid
   }
}

@inproceedings{morpho,
   author = {Chih-Han Yu and Kristina Haller and Donald Ingber and Radhika Nagpal},
   title = {Morpho: A self-deformable modular robot inspired by cellular structure},
   booktitle = IROS,
   publisher = IEEE,
   year = {2008},
   pages = {3571--3578},
   notes = {
     frame-and-panel system with active and passive struts and stretchy panels
   }
}

@inproceedings{kidcad,
  author = {Sean Follmer and Hiroshi Ishii},
  title = {KidCAD: digitally remixing toys through tangible tools},
  booktitle = CHI,
  publisher = ACM,
  year = {2012},
  pages = {2401--2410},
  address = {New York, NY, USA},
  notes = {
    uses gel table input to accept imprints of (half of) toys, which can be edited or mixed, and then 3d printed
  }
}

@article{locokit,
  title = {LocoKit: A Robot Construction Kit for Studying and Developing Functional Morphologies},
  author = {Jorgen Christian Larsen and David Brandt and Kasper Stoy},
  journal = {From Animals to Animats 12},
  publisher = {Springer},
  year = {2012},
  pages = {12--22},
  notes = {
    construction kit for exploring locomotive gaits; features joints, motors, electronics, infrared markers and an instrumented testbed with infrared cameras and force plates for analyzing performance
  }
}

@inproceedings{thor,
  author = {Andreas H Lyder and Kasper Stoy and Ricardo Franco Mendoza Garcia and Jorgen Christian Larsen and Palle Hermansen},
  title = {On Sub-Modularization and Morphological Heterogeneity in Modular Robotics},
  booktitle = IAS,
  year = {2012},
  pages = {1--14},
  notes = {
    describes thor robot construction kit designed for the icra planetary robotic contingency challenge; motor module is decoupled from end effector modules
  }
}

@inproceedings{neondough,
  title = {NeonDough: crafting with interactive lighted clay},
  author = {Junichi Yamaoka and Yasuaki Kakehi},
  booktitle = {SIGGRAPH Posters},
  publisher = ACM,
  year = {2012},
  pages = {74},
  notes = {
    modules are formed of globs of conductive playdough with an electronic core with an led embedded in the center; when globs are stuck together cores communicate resistively through clay
  }
}

@inproceedings{tseng_replay,
  title = {Replay: a self-documenting construction kit},
  author = {Tiffany Tseng and Robert Hemsley and Mitchel Resnick},
  booktitle = IDC,
  publisher = ACM,
  pages = {320--322},
  year = {2012},
  notes = {
    kit of bent tube modules with audio jack connectors that communicate assembly steps to an application on a computer that records the assembly process and can self-document the session by replaying the stages of construction afterwards
  }
}

@inproceedings{wonderment_toolkit,
  author = {Eric Paulos and Tom Jenkins and August Joki and Parul Vora},
  title = {Objects of Wonderment},
  booktitle = DIS,
  publisher = ACM,
  year={2008},
  pages={350--359},
  notes = {
    describes the wonderment toolkit and several projects implemented with it; toolkit allows sensors and actuators to be connected to a cellphone to quickly produce networked public installations
  }
}

@inproceedings{recompose,
  author = {Matthew Blackshaw and Anthony DeVincenzi and David Lakatos and Daniel Leithinger and Hiroshi Ishii},
  title = {Recompose: direct and gestural interaction with an actuated surface},
  booktitle = EXTCHI,
  publisher = ACM,
  year = {2011},
  pages = {1237--1242},
  notes = {
    tabletop interface with actuated pixel columns instrumented to sense direct input, projected image, and camera for gesture recognition; paper discusses use of direct vs gestural commands for 2.5D modeling interface
  }
} 

@inproceedings{sourcemap,
  author = {Leonardo Bonanni and Matthew Hockenberry and David Zwarg and Chris Chris Csikszentmihalyi and Hiroshi Ishii},
  title = {Small business applications of sourcemap: a web tool for sustainable design and supply chain transparency},
  booktitle = CHI,
  publisher = ACM,
  year = {2010},
  pages = {937--946},
  notes = {
    a web tool to display infographics depicting the material flow for different products
  }
} 

@article{vacuubes,
  author = {Ricardo Franco Mendoza Garcia and Jonathan D Hiller and Kasper Stoy and Hod Lipson},
  title = {A vacuum-based bonding mechanism for modular robotics},
  journal = {Trans on Robotics},
  publisher = IEEE
  volume = {27},
  number = {5},
  pages = {876--890},
  year = {2011},
  notes = {
    introduces cube modules with vacuum connectors
  }
}

@inproceedings{connectibles,
  author = {Jeevan J Kalanithi and Bove, Jr, V Michael},
  title = {Connectibles: tangible social networks},
  booktitle = TEI,
  publisher = ACM,
  year = {2008},
  pages = {199--206},
  notes = {
    uses same platform as sifteo (nee siftables) stuck on a board to track social network
  }
}

@inproceedings{hapticat,
  author = {Steve Yohanan and Mavis Chan and Jeremy Hopkins and Haibo Sun and Karon MacLean},
  title = {Hapticat: exploration of affective touch},
  booktitle = ICMI,
  publisher = ACM,
  year = {2005},
  pages = {222--229},
  notes = {
    examines peoples emaotional response to various behaviors in an abstracted catlike doll bot that cannot move but responds to petting/squeezing with purring, breathing, moving ears etc
  }
}

@inproceedings{pinpong_inc,
  author = {Xiao Xiao and Michael S Bernstein and Lining Yao and David Lakatos and Lauren Gust and Kojo Acquah and Hiroshi Ishii},
  title = {PingPong++: community customization in games and entertainment},
  booktitle = ACE,
  publisher = ACM,
  year = {2011},
  pages = {1--6},
  notes = {
    instrumented ping-pong table with overhead projector graphics combined with kiosk for producing diy variations on augmented ping-pong games
  }
}

@inproceedings{stress_outsourced,
  author = {Keywon Chung and Carnaven Chiu and Xiao Xiao and Pei-Yu (Peggy) Chi},
  title = {Stress outsourced: a haptic social network via crowdsourcing},
  booktitle = EXTCHI,
  publisher = ACM,
  year = {2009},
  pages = {2439--2448},
  notes = {
    wearable massage interfaces allowing the giving and receiving of massages through social networks
  }
}

@inproceedings{slyper_silicone_sensors,
  author = {Ronit Slyper and Ivan Poupyrev and Jessica Hodgins},
  title = {Sensing through structure: designing soft silicone sensors},
  booktitle = TEI,
  publisher = ACM,
  year = {2011},
  pages = {213--220},
  notes = {
    describes method for creating compliant (silicone) structures that sense bending, stretching, squeezing and twisting through embedded switches and mechanical design  
  }
} 

@article{amorphous_computing_abelson,
  author = {Harold Abelson and Don Allen and Daniel Coore and Chris Hanson and George Homsy and Knight, Jr, Thomas F and Radhika Nagpal and Erik Rauch and Gerald Jay Sussman and Ron Weiss},
  title = {Amorphous computing},
  journal = {Communications of the ACM},
  publisher = ACM,
  volume = {43},
  number = {5},
  pages = {74--82},
  year = {2000},
  notes = {
    suggests cellular differentiation as a computing model with code examples and use cases
  }
}

@inproceedings{fab_fm,
  author = {David A Mellis and Dana Gordon and Leah Buechley},
  title = {Fab FM: the design, making, and modification of an open-source electronic product},
  booktitle = TEI,
  publisher = ACM,
  pages = {81--84},
  year = {2011},
  notes = {
    case study of an open design for a bespoke fm radio
  }
}

@inproceedings{raffle_cell_toaster,
  author = {Hayes Raffle and Rafael Ballagas and Glenda Revelle and Koichi Mori and Hiroshi Horii and Chris Paretti and Mirjana Spasojevic},
  title = {Pop goes the cell phone: asynchronous messaging for preschoolers},
  booktitle = IDC,
  publisher = ACM,
  year = {2011},
  pages = {99--108},
  notes = {
    smart phone (crystal) is inserted into 'toaster' to create an enticing photo-booth for preschoolers shared with family members
    example of a bespoke device extending a crystal volticle  
  }
}

@inproceedings{lega,
  author = {Jarmo Laaksolahti and Jakob Tholander and Marcus Lunden and Jordi Solsona Belenguer and Anna Karlsson and Tove Jaensson},
  title = {The LEGA: a device for leaving and finding tactile traces},
  booktitle = TEI,
  publisher = ACM,
  year = {2011},
  pages = {193--196},
  notes = {
    bespoke tactile egg thing that places and senses ar traces in a museum to allow ambiguous asynchronous communication between visitors
  }
}

@inproceedings{tessaltable,
  title = {TessalTable: tile-based creation of patterns and images},
  author = {Abel Allison and Sean Follmer and Hayes Raffle},
  booktitle = TEI,
  publisher = ACM,
  year = {2010},
  pages = {203--204},
  notes = {
    tabletop projector surface with tiles that can be used to capture fragments of patterns and then tesselate these to create new patterns
  }
}

@inproceedings{communiclay,
  author = {Hayes Raffle and Ruibing Wang and Karim Seada and Hiroshi Ishii},
  title = {Communiclay: a modular system for tangible telekinetic communication},
  booktitle = EXTCHI,
  publisher = ACM,
  year={2011},
  pages={233--242},
  notes = {
    repurposes topobo hardware to create a kit for constructing tangible bilocative interfaces
  }
}

@inproceedings{io_stickers,
  author = {Natalie Freed and Jie Qi and Adam Setapen and Cynthia Breazeal and Leah Buechley and Hayes Raffle},
  title = {Sticking together: handcrafting personalized communication interfaces},
  booktitle = IDC,
  publisher = ACM,
  year ={2011},
  pages = {238--241},
  notes = {
    kit of simple sticker actuators and sensors to be used to create pairs of bespoke networked greeting cards
  }
}

@inproceedings{modkit,
  author = {Amon Millner and Edward Baafi},
  title = {Modkit: blending and extending approachable platforms for creating computer programs and interactive objects},
  booktitle = IDC,
  publisher = ACM,
  year = {2011},
  pages = {250--253},
  notes = {
    scratch for arduinos, with a custom arduino-compatible board that allows sensors and actuators to be connected with headphone jacks
  }
} 

@inproceedings{sixforty_by_foureighty,
  author = {Marcelo Coelho and Jamie Zigelbaum and Joshua Kopin},
  title = {Six-forty by four-eighty: the post-industrial design of computational materials},
  booktitle = TEI,
  publisher = ACM,
  year = {2011},
  pages = {253--256},
  notes = {
    magnetic tiles with rgb led output that network and sense in a variety of ways to produce visual patterns
  }
}

@inproceedings{diybio,
  author = {Stacey Kuznetsov and Alex S Taylor and Tim Regan and Nicolas Villar and Eric Paulos},  
  title = {At the seams: DIYbio and opportunities for HCI},
  booktitle = DIS,
  publisher = ACM,
  year = {2012},
  pages = {258--267},
}

@inproceedings{raymatic,
  title = {The RayMatic: a thermostat with a human face},
  author = {Ray Yun and Mark D Gross},
  booktitle = TEI,
  publisher = ACM,
  year = {2011},
  pages = {261--262},
  notes = {
    thermostat picture frame that tells temperature with a facial expression, takes input with a touchscreen
  }
}

@book{hertzian_tales,
  author = {Anthony Dunne},
  title = {Hertzian Tales: Electronic Products, Aesthetic Experience, and Critical Design},
  publisher = {The MIT Press},
  year = {2006},
}

@inproceedings{mellis_personal_fabrication,
  author = {David A Mellis and Leah Buechley},
  title = {Case studies in the personal fabrication of electronic products},
  booktitle = DIS,
  publisher = ACM,
  pages = {268--277},
  year = {2012},
  notes = {
    case studies of two open designs for spokes: a speaker and a mouse, and the results of a workshop where participants modified and constructed the designs
  }
}

@inproceedings{pillowtalk_portocarrero,
  autho r= {Edwina Portocarrero and David Cranor and V Michael Bove},
  title = {Pillow-talk: seamless interface for dream priming, recalling and playback},
  booktitle = TEI,
  publisher = ACM,
  year = {2011},
  pages = {269--272},
  notes = {
    pair of interfaces (pillow recorder / jar player) for recording dreams upon waking and playing the recordings back later
  }
}

@inproceedings{mellis_duemilanove_variations,
  author = {David A Mellis and Leah Buechley},
  title = {Collaboration in open-source hardware: third-party variations on the arduino duemilanove},
  booktitle = CSCW,
  publisher = ACM,
  year={2012},
  pages={1175--1178},
  notes = {
    investigation of third-party variations on a popular open hardware design
  }
}

@inproceedings{stereoblocks,
  title = {Constructing virtual 3D models with physical building blocks},
  author = {Ricardo Jota and Hrvoje Benko},
  booktitle = EXTCHI,
  publisher = ACM,
  year = {2011},
  pages = {2173--2178},
  notes = {
    describes a system that uses a kinect, projector and stereo vision goggles (and a navigation pad) to use physical blocks as a sort of 3d cursor to build onto a 3d virtual model, by using the keypad to orient the virtual camera relative to the physical cursor-space
  }
}

@inproceedings{smores,
  author = {Jay Davey and Ngai Kwok and Mark Yim},
  title = {Emulating Self-reconfigurable Robots - Design of the SMORES System},
  booktitle = IROS,
  publisher = IEEE,
  year = {2012},
  pages={4464-4469},
  notes = {
    describes smores bunkle/swarm/hyperbunkle system composed of cubish modules similar to ckbot and polybot that can also individually locomote on two wheels (which also function as connectors)
    features a permanent magnet based connector with keyed disengagement
  }
}

@inproceedings{reading_glove,
  author = {Joshua Tanenbaum and Karen Tanenbaum and Alissa Antle},
  title = {The Reading Glove: designing interactions for object-based tangible storytelling},
  booktitle = AH,
  publisher = ACM,
  year = {2010},
  pages = {1--9},
  notes = {
    glove with a lilypad arduino and an rfid reader plays narrative clips when objects (with embedded rfid tags) are handled to tell a story
  }
}

@inproceedings{plushbot,
  author = {Yingdan Huang and Michael Eisenberg},
  title = {Plushbot: an application for the design of programmable, interactive stuffed toys},
  booktitle = TEI,
  year={2011},
  pages={257--260},
  notes = {
    software for designing dolls with embedded lilypad arduino and sensors and actuators
  }
}

@inproceedings{reactivision,
  author = {Martin Kaltenbrunner and Ross Bencina},
  title = {reacTIVision: a computer-vision framework for table-based tangible interaction},
  booktitle = TEI,
  publisher = ACM,
  pages = {69--74},
  year = {2007},
  notes = {
    open source toolkit for tabletop interaction with fiducial markers
  }
}

@inproceedings{mechanix,
  author = {Tiffany Tseng and Coram Bryant and Paulo Blikstein},
  title = {Mechanix: an interactive display for exploring engineering design through a tangible interface},
  booktitle = TEI,
  publisher = ACM,
  year = {2011},
  pages = {265--266},
  notes = {
    tangible ar mechanical simulation with tiles on a magnetic reactivision surface, allows people (especially students) to attempt challenges left in the system by others
  }
}

@inproceedings{red_balloon_green_balloon,
  author = {Stacey Kuznetsov and George Davis Noel and Eric Paulos and Mark D Gross and Jian Chiu Cheung},
  title = {Red balloon, green balloon, sensors in the sky},
  booktitle = UBICOMP,
  publisher = ACM,
  year = {2011},
  pages = {237--246},
  notes = {
    kit for measuring air quality and displaying results with public lighted balloons to create 'spectacle computing'
  }
}

@inproceedings{io_brush,
  author = {Kimiko Ryokai and Stefan Marti and Hiroshi Ishii},
  title = {I/O brush: drawing with everyday objects as ink},
  booktitle = CHI,
  publisher = ACM,
  year = {2004},
  pages = {303--310},
}

@inproceedings{ambient_touch,
  author = {Ivan Poupyrev and Shigeaki Maruyama and Jun Rekimoto},
  title = {Ambient touch: designing tactile interfaces for handheld devices},
  booktitle = UIST,
  publisher = ACM,
  pages = {51--60},
  year = {2002},
}

@inproceedings{lumen,
  author = {Ivan Poupyrev and Tatsushi Nashida and Shigeaki Maruyama and Jun Rekimoto and Yasufumi Yamaji},
  title = {Lumen: interactive visual and shape display for calm computing},
  booktitle = SIGGRAPH,
  publisher = ACM,
  year = {2004},
  pages = {17},
}

@inproceedings{touche,
  author = {Munehiko Sato and Ivan Poupyrev and Chris Harrison},
  title = {Touche: enhancing touch interaction on humans, screens, liquids, and everyday objects},
  booktitle = CHI,
  publisher = ACM,
  year = {2012},
  pages = {483--492},
}

@inproceedings{blinky_blocks,
  author = {Brian T Kirby and Michael P Ashley-Rollman and Seth Copen Goldstein},
  title = {Blinky blocks: a physical ensemble programming platform},
  booktitle = EXTCHI,
  publisher = ACM,
  year = {2011},
  pages = {1111--1116},
}

@inproceedings{reactable,
  author = {Sergi Jorda and Gunter Geiger and Marcos Alonso and Martin Kaltenbrunner},
  title = {The reacTable: exploring the synergy between live music performance and tabletop tangible interfaces},
  booktitle = TEI,
  publisher = ACM,
  year = {2007},
  pages = {139--146},
}

@inproceedings{speakcup,
 author = {Jamie Zigelbaum and Angela Chang and James Gouldstone and Joshua Jen Monzen and Hiroshi Ishii},
 title = {SpeakCup: simplicity, BABL, and shape change},
 booktitle = TEI,
 publisher = ACM,
 year = {2008},
 pages = {145--146},
}

@inproceedings{slurp,
  author = {Jamie Zigelbaum and Alejandro Vazquez and Adam Kumpf and Hiroshi Ishii},
  title = {Slurp: Tangibility, Spatiality, and an Eyedropper},
  booktitle = ALTCHI,
  year = {2009},
  pages = {1--10},
}
  
@inproceedings{intouch,
  author = {Scott Brave and Hiroshi Ishii and Andrew Dahley},
  title = {Tangible Interfaces for Remote Collaboration and Communication},
  booktitle = CSCW,
  publisher = ACM,
  year = {1998},
  pages = {169--178},
}

@inproceedings{illuminating_clay,
  author = {Ben Piper and Carlo Ratti and Hiroshi Ishii},
  title = {Illuminating Clay: A 3-D Tangible Interface for Landscape Analysis},
  booktitle = CHI,
  publisher = ACM,
  year = {2002},
  pages = {355--362},
}

@inproceedings{musicbottles,
  author = {Hiroshi Ishii and Ali Mazalek and Jay Lee},
  title = {Bottles as a minimal interface to access digital information},
  booktitle = EXTCHI,
  publisher = ACM,
  year = {2001},
  pages = {187--188},
} 

@inproceedings{urp,
  author = {John Underkoffler and Hiroshi Ishii},
  title = {Urp: a luminous-tangible workbench for urban planning and design},
  booktitle = CHI,
  publisher = ACM,
  year = {1999},
  pages = {386--393},
} 

@inproceedings{huggable,
  author = {Heather Knight and Robert Toscano and Walter D Stiehl and Angela Chang and Yi Wang and Cynthia Breazeal},
  title = {Real-time social touch gesture recognition for sensate robots},
  booktitle = IROS,
  publisher = IEEE,
  pages = {3715--3720},
  year = {2009},
}

@article{wolfram_1983,
  title = {Statistical mechanics of cellular automata},
  author = {Stephen Wolfram},
  journal = {Reviews of modern physics},
  volume = {55},
  number = {3},
  pages = {601--644},
  year = {1983},
  publisher = {American Physical Society}
}

@inproceedings{voodooio,
  author = {Nicolas Villar and Hans Gellersen},
  title = {A malleable control structure for softwired user interfaces},
  booktitle = TEI,
  publisher = ACM,
  year = {2007},
  pages = {49--56},
}

@inproceedings{folded_millirobots,
  author = {Aaron M Hoover and Ronald S Fearing},
  title = {Fast scale prototyping for folded millirobots},
  booktitle = ICRA,
  publisher = IEEE,
  year = {2008},
  pages = {886--892},
}

@article{fabathome,
  author = {Evan Malone and Hod Lipson},
  title = {Fab@Home: the personal desktop fabricator kit},
  journal = {Rapid Prototyping Journal},
  volume = {13},
  number = {4},
  pages = {245--255},
  year = {2007},
  publisher = {Emerald Group Pub Ltd}
}

@article{reprap,
  author = {Rhys Jones and Patrick Haufe and Ed Sells and Pejman Iravani and Vik Olliver and Chris Palmer and Adrian Bowyer},
  title = {RepRap--the replicating rapid prototyper},
  journal = {Robotica},
  volume = {29},
  number = {01},
  pages = {177--191},
  year = {2011},
  publisher = {Cambridge Univ Press}
}

@inproceedings{arduino,
  author = {David A Mellis and Massimo Banzi and David Cuartielles and Tom Igoe},
  title = {Arduino: An open electronics prototyping platform}
  booktitle = ALTCHI,
  year = {2007},
  pages = {1--11},
}

@inproceedings{printable_sensing_skin,
  author = {Austin Buchan and Jonathan Bachrach and Ronald S Fearing}
  title = {Towards a Minimal Architecture for a Printable, Modular, and Robust Sensing Skin},
  booktitle = IROS,
  publisher = IEEE,
  year = {2012},
  pages = {1--6}
}

@inproceedings{squirrel_phone,
  author = {Stefan Marti and Chris Schmandt},
  title = {Physical embodiments for mobile communication agents},
  booktitle = UIST,
  publisher = ACM,
  year = {2005},
  pages = {231--240},
}

