@inproceedings{,
  author = {},
  title = {},
  booktitle = {},
  publisher = {},
  year = {},
  pages = {},
  notes = {
   
  }
}

@article{,
  author = {},
  title = {},
  journal = {},
  volume = {},
  number = {},
  publisher = {},
  year = {},
  pages = {},
  notes = {
  
  }
}

@inproceedings{smart_pebbles,
   author = {Kyle Gilpin and Ara Knaian and Daniela Rus},
   title = {Robot Pebbles: One Centimeter Modules for Programmable Matter through Self-Disassembly},
   booktitle = {ICRA},
   publisher = IEEE,
   year = {2010},
   pages = {2485--2492},
   notes = {
       describes smart pebbles, self-dissassembling (2Dish) blocks with cool switching electromagnets that are basically tiny junkyard crane magnets
   }
}

@article{virtual_guilds,
  author = {Leonardo Bonanni and Amanda Parkes},
  title = {Virtual Guilds: Collective Intelligence and the Future of Craft},
  journal = {The Journal of Modern Craft},
  volume = {3},
  number = {2},
  publisher = {Berg},
  year = {2010},
  pages = {179--190},
  notes = {
      gives examples of distributed open design communities: steam engines; prosthetics; wearable computing. suggests open design promotes innovation, appropriate technologies
  }
}

@inproceedings{lilypad_in_the_wild,
  author = {Leah Buechley and Benjamin Mako Hill},
  title = {LilyPad in the wild: how hardware's long tail is supporting new engineering and design communities},
  booktitle = DIS,
  publisher = ACM,
  year = {2010},
  pages = {199--207},
  notes = {
    looks at gender and online postings of projects of arduino vs lilypad; suggests start a new clubhouse vs open the clubhouse model of encouraging participation
  }
} 

@inproceedings{hug,
   author = {Carl DiSalvo and Francine Gemperle and Jodi Forlizzi and Elliott Montgomery},
   title = {The Hug: an exploration of robotic form for intimate communication},
   booktitle = {Workshop on Robot and Human Interactive Communication (RO-MAN)},
   publisher = IEEE,
   year = {2003},
   pages = {403--408},
   notes = {
     pillow intrumented to afford bilocative hugging
   }
}

@article{roombot,
   author = {Alexander Sprowitz and Soha Pouya and Stephane Bonardi and Jesse van den Kieboom and Rico Mockel and Aude Billard and Pierre Dillenbourg and Auke Ijspeert},
   title = {Roombots: Reconfigurable Robots for Adaptive Furniture},
   journal = {Computational Intelligence Magazine},
   volume = {5},
   number = {3},
   publisher = IEEE,
   year = {2010},
   pages = {20--32},
   notes = {
     atron-like hyperbunkles for furniture hyperfigs
   }
}

﻿@incollection {tolley_2011,
   author = {Michael Tolley and Jonathan Hiller and Hod Lipson},
   title = {Evolutionary Design and Assembly Planning for Stochastic Modular Robots},
   booktitle = {New Horizons in Evolutionary Robotics},
   editor = {Stéphane Doncieux and Nicolas Bredèche and Jean-Baptiste Mouret},
   publisher = {Springer},
   year = {2011},
   pages = {211--225},
   notes = {
     uses genetic algorithms to create custom shape for load and then generates fabrication scheme with fluid cube printer
   }
}

@inproceedings{zykov_fluid_assembly,
   author = {Victor Zykov and Hod Lipson},
   title = {Experiment Design for Stochastic Three-Dimensional Reconfiguration of Modular Robots},
   booktitle = {Intelligent Robots and Systems (IROS) Workshop on Self-Reconfigurable Robots},
   year = {2007},
   pages = {1--4},
   notes = {
     self-assembly in fluid
   }
}

@inproceedings{morpho,
   author = {Chih-Han Yu and Kristina Haller and Donald Ingber and Radhika Nagpal},
   title = {Morpho: A self-deformable modular robot inspired by cellular structure},
   booktitle = IROS,
   publisher = IEEE,
   year = {2008},
   pages = {3571--3578},
   notes = {
     frame-and-panel system with active and passive struts and stretchy panels
   }
}

@inproceedings{kidcad,
  author = {Sean Follmer and Hiroshi Ishii},
  title = {KidCAD: digitally remixing toys through tangible tools},
  booktitle = CHI,
  publisher = ACM,
  year = {2012},
  pages = {2401--2410},
  address = {New York, NY, USA},
  notes = {
    uses gel table input to accept imprints of (half of) toys, which can be edited or mixed, and then 3d printed
  }
}

@article{locokit,
  title = {LocoKit: A Robot Construction Kit for Studying and Developing Functional Morphologies},
  author = {Larsen, J. and Brandt, D. and Stoy, K.},
  journal = {From Animals to Animats 12},
  publisher = {Springer},
  year = {2012},
  pages = {12--22},
  notes = {
    construction kit for exploring locomotive gaits; features joints, motors, electronics, infrared markers and an instrumented testbed with infrared cameras and force plates for analyzing performance
  }
}

@inproceedings{thor,
  author = {Andreas H Lyder and Kasper Stoy and Ricardo Franco Mendoza Garcia and Jorgen Christian Larsen and Palle Hermansen},
  title = {On Sub-Modularization and Morphological Heterogeneity in Modular Robotics},
  booktitle = IAS,
  year = {2012},
  pages = {1--14},
  notes = {
    describes thor robot construction kit designed for the icra planetary robotic contingency challenge; motor module is decoupled from end effector modules
  }
}

@inproceedings{neondough,
  title = {NeonDough: crafting with interactive lighted clay},
  author = {Junichi Yamaoka and Yasuaki Kakehi},
  booktitle = {SIGGRAPH Posters},
  publisher = ACM,
  year = {2012},
  pages = {74},
  notes = {
    modules are formed of globs of conductive playdough with an electronic core with an led embedded in the center; when globs are stuck together cores communicate resistively through clay
  }
}

@inproceedings{tseng_replay,
  title = {Replay: a self-documenting construction kit},
  author = {Tiffany Tseng and Robert Hemsley and Mitchel Resnick},
  booktitle = IDC,
  publisher = ACM,
  pages = {320--322},
  year = {2012},
  notes = {
    kit of bent tube modules with audio jack connectors that communicate assembly steps to an application on a computer that records the assembly process and can self-document the session by replaying the stages of construction afterwards
  }
}

@inproceedings{wonderment_toolkit,
  author = {Eric Paulos and Tom Jenkins and August Joki and Parul Vora},
  title = {Objects of Wonderment},
  booktitle = DIS,
  publisher = ACM,
  year={2008},
  pages={350--359},
  notes = {
    describes the wonderment toolkit and several projects implemented with it; toolkit allows sensors and actuators to be connected to a cellphone to quickly produce networked public installations
  }
}

@inproceedings{recompose,
  author = {Matthew Blackshaw and Anthony DeVincenzi and David Lakatos and Daniel Leithinger and Hiroshi Ishii},
  title = {Recompose: direct and gestural interaction with an actuated surface},
  booktitle = EXTCHI,
  publisher = ACM,
  year = {2011},
  pages = {1237--1242},
  notes = {
    tabletop interface with actuated pixel columns instrumented to sense direct input, projected image, and camera for gesture recognition; paper discusses use of direct vs gestural commands for 2.5D modeling interface
  }
} 

@inproceedings{sourcemap,
  author = {Leonardo Bonanni and Matthew Hockenberry and David Zwarg and Chris Chris Csikszentmihalyi and Hiroshi Ishii},
  title = {Small business applications of sourcemap: a web tool for sustainable design and supply chain transparency},
  booktitle = CHI,
  publisher = ACM,
  year = {2010},
  pages = {937--946},
  notes = {
    a web tool to display infographics depicting the material flow for different products
  }
} 

@article{vacuubes,
  author = {Ricardo Franco Mendoza Garcia and Jonathan D Hiller and Kasper Stoy and Hod Lipson},
  title = {A vacuum-based bonding mechanism for modular robotics},
  journal = {Trans on Robotics},
  publisher = IEEE
  volume = {27},
  number = {5},
  pages = {876--890},
  year = {2011},
  notes = {
    introduces cube modules with vacuum connectors
  }
}

@inproceedings{connectibles,
  author = {Jeevan J Kalanithi and Bove, Jr, V Michael},
  title = {Connectibles: tangible social networks},
  booktitle = TEI,
  publisher = ACM,
  year = {2008},
  pages = {199--206},
  notes = {
    uses same platform as sifteo (nee siftables) stuck on a board to track social network
  }
}

@inproceedings{yohanan2005hapticat,
  author = {Steve Yohanan and Mavis Chan and Jeremy Hopkins and Haibo Sun and Karon MacLean},
  title = {Hapticat: exploration of affective touch},
  booktitle = ICMI,
  publisher = ACM,
  year = {2005},
  pages = {222--229},
  notes = {
    examines peoples emaotional response to various behaviors in an abstracted catlike doll bot that cannot move but responds to petting/squeezing with purring, breathing, moving ears etc
  }
}

@inproceedings{pinpong_inc,
  author = {Xiao Xiao and Michael S Bernstein and Lining Yao and David Lakatos and Lauren Gust and Kojo Acquah and Hiroshi Ishii},
  title = {PingPong++: community customization in games and entertainment},
  booktitle = ACE,
  publisher = ACM,
  year = {2011},
  pages = {1--6},
  notes = {
    instrumented ping-pong table with overhead projector graphics combined with kiosk for producing diy variations on augmented ping-pong games
  }
}

@inproceedings{stress_outsourced,
  author = {Keywon Chung and Carnaven Chiu and Xiao Xiao and Pei-Yu (Peggy) Chi},
  title = {Stress outsourced: a haptic social network via crowdsourcing},
  booktitle = EXTCHI,
  publisher = ACM,
  year = {2009},
  pages = {2439--2448},
  notes = {
    wearable massage interfaces allowing the giving and receiving of massages through social networks
  }
}

@inproceedings{slyper_silicone_sensors,
  author = {Ronit Slyper and Ivan Poupyrev and Jessica Hodgins},
  title = {Sensing through structure: designing soft silicone sensors},
  booktitle = TEI,
  publisher = ACM,
  year = {2011},
  pages = {213--220},
  notes = {
    describes method for creating compliant (silicone) structures that sense bending, stretching, squeezing and twisting through embedded switches and mechanical design  
  }
} 

@article{amorphous_computing_abelson,
  author = {Harold Abelson and Don Allen and Daniel Coore and Chris Hanson and George Homsy and Knight, Jr, Thomas F and Radhika Nagpal and Erik Rauch and Gerald Jay Sussman and Ron Weiss},
  title = {Amorphous computing},
  journal = {Communications of the ACM},
  publisher = ACM,
  volume = {43},
  number = {5},
  pages = {74--82},
  year = {2000},
  notes = {
    suggests cellular differentiation as a computing model with code examples and use cases
  }
}

@inproceedings{fab_fm,
  author = {David A Mellis and Dana Gordon and Leah Buechley},
  title = {Fab FM: the design, making, and modification of an open-source electronic product},
  booktitle = TEI,
  publisher = ACM,
  pages = {81--84},
  year = {2011},
  notes = {
    case study of an open design for a bespoke fm radio
  }
}

@inproceedings{raffle_cell_toaster,
  author = {Hayes Raffle and Rafael Ballagas and Glenda Revelle and Koichi Mori and Hiroshi Horii and Chris Paretti and Mirjana Spasojevic},
  title = {Pop goes the cell phone: asynchronous messaging for preschoolers},
  booktitle = IDC,
  publisher = ACM,
  year = {2011},
  pages = {99--108},
  notes = {
    smart phone (crystal) is inserted into 'toaster' to create an enticing photo-booth for preschoolers shared with family members
    example of a bespoke device extending a crystal volticle  
  }
}

@inproceedings{lega,
  author = {Jarmo Laaksolahti and Jakob Tholander and Marcus Lunden and Jordi Solsona Belenguer and Anna Karlsson and Tove Jaensson},
  title = {The LEGA: a device for leaving and finding tactile traces},
  booktitle = TEI,
  publisher = ACM,
  year = {2011},
  pages = {193--196},
  notes = {
    bespoke tactile egg thing that places and senses ar traces in a museum to allow ambiguous asynchronous communication between visitors
  }
}

@inproceedings{tessaltable,
  title = {TessalTable: tile-based creation of patterns and images},
  author = {Abel Allison and Sean Follmer and Hayes Raffle},
  booktitle = TEI,
  publisher = ACM,
  year = {2010},
  pages = {203--204},
  notes = {
    tabletop projector surface with tiles that can be used to capture fragments of patterns and then tesselate these to create new patterns
  }
}

@inproceedings{communiclay,
  author = {Raffle, H. and Wang, R. and Seada, K. and Ishii, H.},
  title = {Communiclay: a modular system for tangible telekinetic communication},
  booktitle = EXTCHI,
  publisher = ACM,
  year={2011},
  pages={233--242},
  notes = {
    repurposes topobo hardware to create a kit for constructing tangible bilocative interfaces
  }
}

@inproceedings{io_stickers,
  author = {Natalie Freed and Jie Qi and Adam Setapen and Cynthia Breazeal and Leah Buechley and Hayes Raffle},
  title = {Sticking together: handcrafting personalized communication interfaces},
  booktitle = IDC,
  publisher = ACM,
  year ={2011},
  pages = {238--241},
  notes = {
    kit of simple sticker actuators and sensors to be used to create pairs of bespoke networked greeting cards
  }
}

@inproceedings{modkit,
  author = {Amon Millner and Edward Baafi},
  title = {Modkit: blending and extending approachable platforms for creating computer programs and interactive objects},
  booktitle = IDC,
  publisher = ACM,
  year = {2011},
  pages = {250--253},
  notes = {
    scratch for arduinos, with a custom arduino-compatible board that allows sensors and actuators to be connected with headphone jacks
  }
} 

@inproceedings{sixforty_by_foureighty,
  author = {Marcelo Coelho and Jamie Zigelbaum and Joshua Kopin},
  title = {Six-forty by four-eighty: the post-industrial design of computational materials},
  booktitle = TEI,
  publisher = ACM,
  year = {2011},
  pages = {253--256},
  notes = {
    magnetic tiles with rgb led output that network and sense in a variety of ways to produce visual patterns
  }
}

@inproceedings{diybio,
  author = {Stacey Kuznetsov and Alex S Taylor and Tim Regan and Nicolas Villar and Eric Paulos},  
  title = {At the seams: DIYbio and opportunities for HCI},
  booktitle = DIS,
  publisher = ACM,
  year = {2012},
  pages = {258--267},
}

@inproceedings{raymatic,
  title = {The RayMatic: a thermostat with a human face},
  author = {Ray Yun and Mark D Gross},
  booktitle = TEI,
  publisher = ACM,
  year = {2011},
  pages = {261--262},
  notes = {
    thermostat picture frame that tells temperature with a facial expression, takes input with a touchscreen
  }
}

@book{hertzian_tales,
  author = {Anthony Dunne},
  title = {Hertzian Tales: Electronic Products, Aesthetic Experience, and Critical Design},
  publisher = {The MIT Press},
  year = {2006},
}

@inproceedings{mellis_personal_fabrication,
  author = {David A Mellis and Leah Buechley},
  title = {Case studies in the personal fabrication of electronic products},
  booktitle = DIS,
  publisher = ACM,
  pages = {268--277},
  year = {2012},
  notes = {
    case studies of two open designs for spokes: a speaker and a mouse, and the results of a workshop where participants modified and constructed the designs
  }
}

@inproceedings{pillowtalk_portocarrero,
  autho r= {Edwina Portocarrero and David Cranor and V Michael Bove},
  title = {Pillow-talk: seamless interface for dream priming, recalling and playback},
  booktitle = TEI,
  publisher = ACM,
  year = {2011},
  pages = {269--272},
  notes = {
    pair of interfaces (pillow recorder / jar player) for recording dreams upon waking and playing the recordings back later
  }
}

@inproceedings{mellis_duemilanove_variations,
  author = {David A Mellis and Leah Buechley},
  title = {Collaboration in open-source hardware: third-party variations on the arduino duemilanove},
  booktitle = CSCW,
  publisher = ACM,
  year={2012},
  pages={1175--1178},
  notes = {
    investigation of third-party variations on a popular open hardware design
  }
}

@inproceedings{stereoblocks,
  title = {Constructing virtual 3D models with physical building blocks},
  author = {Ricardo Jota and Hrvoje Benko},
  booktitle = EXTCHI,
  publisher = ACM,
  year = {2011},
  pages = {2173--2178},
  notes = {
    describes a system that uses a kinect, projector and stereo vision goggles (and a navigation pad) to use physical blocks as a sort of 3d cursor to build onto a 3d virtual model, by using the keypad to orient the virtual camera relative to the physical cursor-space
  }
}

@inproceedings{smores,
  author = {Jay Davey and Ngai Kwok and Mark Yim},
  title = {Emulating Self-reconfigurable Robots - Design of the SMORES System},
  booktitle = IROS,
  publisher = IEEE,
  year = {2012},
  pages={4464-4469},
  notes = {
    describes smores bunkle/swarm/hyperbunkle system composed of cubish modules similar to ckbot and polybot that can also individually locomote on two wheels (which also function as connectors)
    features a permanent magnet based connector with keyed disengagement
  }
}

@inproceedings{reading_glove,
  author = {Joshua Tanenbaum and Karen Tanenbaum and Alissa Antle},
  title = {The Reading Glove: designing interactions for object-based tangible storytelling},
  booktitle = AH,
  publisher = ACM,
  year = {2010},
  pages = {1--9},
  notes = {
    glove with a lilypad arduino and an rfid reader plays narrative clips when objects (with embedded rfid tags) are handled to tell a story
  }
}

@inproceedings{plushbot,
  author = {Yingdan Huang and Michael Eisenberg},
  title = {Plushbot: an application for the design of programmable, interactive stuffed toys},
  booktitle = TEI,
  year={2011},
  pages={257--260},
  notes = {
    software for designing dolls with embedded lilypad arduino and sensors and actuators
  }
}

@inproceedings{reactivision,
  author = {Martin Kaltenbrunner and Ross Bencina},
  title = {reacTIVision: a computer-vision framework for table-based tangible interaction},
  booktitle = TEI,
  publisher = ACM,
  pages = {69--74},
  year = {2007},
  notes = {
    open source toolkit for tabletop interaction with fiducial markers
  }
}

@inproceedings{mechanix,
  author = {Tiffany Tseng and Coram Bryant and Paulo Blikstein},
  title = {Mechanix: an interactive display for exploring engineering design through a tangible interface},
  booktitle = TEI,
  publisher = ACM,
  year = {2011},
  pages = {265--266},
  notes = {
    tangible ar mechanical simulation with tiles on a magnetic reactivision surface, allows people (especially students) to attempt challenges left in the system by others
  }
}

