@incollection{
   Author = {Philip E Agre and David Chapman},
   Title = {What are Plans For?},
   BookTitle = {Designing Autonomous Agents: Theory and Practice from Biology to Engineering and Back},
   Publisher = {MIT Press},
   Address = {Cambridge, Massachusetts, USA},
   Pages = {17-34},
   Year = {1990} }



@article{
   Author = {R. Aish},
   Title = {3d Input for CAAD Systems},
   Journal = {Computer-Aided Design},
   Volume = {11},
   Number = {2},
   Pages = {66–70},
   Year = {1979} }



@inproceedings{
   Author = {D. Anderson and J. Frankel and J. Marks and D. Leigh and K. Ryall and E. Sullivan and J. Yedidia},
   Title = {Building Virtual Structures with Physical Blocks},
   BookTitle = {User Interface Software and Technology (UIST)},
   Publisher = {ACM},
   Pages = {71-72},
   Year = {1999} }



@misc{
   Author = {Anonymous},
   Title = {Witheld to preserve anonymity.},
   Year = {} }



@book{
   Author = {Elwyn R. Berlekamp and John Horton Conway and Richard K Guy},
   Title = {Winning Ways for Your Mathematical Plays},
   Publisher = {Academic Press},
   Address = {New York},
   Year = {1982} }



@book{
   Author = {E Bonabeau and M Dorigo and G Theraulaz},
   Title = {Swarm Intelligence: From Natural to Artificial Systems},
   Publisher = {Oxford University Press},
   Address = {New York, USA},
   Year = {1999} }



@inproceedings{
   Author = {Leonardo Bonnanni and Chia-Hsun Lee and Ted Selker},
   Title = {Counter Intelligence: Augmented Reality Kitchen},
   BookTitle = {ALT.CHI at Human Factors in Computing (CHI)},
   Address= {Portland, USA},
   Publisher = {ACM},
   Pages = {2239-2245},
   Year = {2005} }



@article{
   Author = {Rodney A Brooks},
   Title = {Intelligence Without Representation},
   Journal = {Artificial Intelligence},
   Volume = {47},
   Pages = {139-159},
   Year = {1991} }



@book{
   Author = {Norman Brosterman},
   Title = {Inventing Kindergarten},
   Publisher = {H. N. Abrams},
   Address = {New York},
   Year = {1997} }



@book{
   Editor = {A Burks},
   Title = {Essays on Cellular Automata},
   Publisher = {University of Illinois Press},
   Address = {Champaign, IL, USA},
   Year = {1970} }



@article{
   Author = {Zack Butler and Keith Kotay and Daniela Rus and Kohji Tomita},
   Title = {Generic Decentralized Control for Lattice-Based Self-Reconfigurable Robots},
   Journal = {The International Journal of Robotics Research},
   Volume = {23},
   Number = {9},
   Pages = {919–937},
   Year = {2004} }



@inproceedings{
   Author = {Keng-hao Chang and Shih-yen Liu and Hao-hua Chu and Jane Yung-jen Hsu and Cheryl Chen and Tung-yun Lin and Chieh-yu Chen and Polly Huang},
   Title = {The Diet-Aware Dining Table: Observing Dietary Behaviors over a Tabletop Surface},
   BookTitle = {Pervasive Computing},
   Address= {Dublin, Ireland},
   Pages = {366-382},
   Year = {2006} }



@inproceedings{
   Author = {D J Christensen and K Stoy},
   Title = {Selecting a meta-module to shape-change the ATRON self-reconfigurable robot},
   BookTitle = {Intl. Conf. on Robotics and Automation},
   Address= {Orlando, USA},
   Publisher = {IEEE},
   Pages = {2532–2538},
   Year = {2006} }



@article{
   Author = {N Cross},
   Title = {Expertise in Design: an overview},
   Journal = {Design Studies},
   Volume = {25},
   Number = {5},
   Pages = {427-441},
   Year = {2004} }



@book{
   Author = {Richard Dawkins},
   Title = {The Selfish Gene},
   Publisher = {Oxford University Press},
   Year = {1976} }



@inproceedings{
   Author = {Michael De Rosa and Seth Copen Goldstein and Peter Lee and Jason D. Campbell and Padmanabhan Pillai},
   Title = {Scalable shape sculpting via hole motion: Motion planning in lattice-constrained module robots},
   BookTitle = {Intl. Conf. on Robotics and Automation (ICRA)},
   Publisher = {IEEE},
   Pages = {1462-1468},
   Year = {2006} }



@article{
   Author = {Daniel C Dennett},
   Title = {Real Patterns},
   Journal = {Journal of Philosophy},
   Volume = {88},
   Number = {1},
   Pages = {27-51},
   Year = {1991} }



@book{
   Author = {Daniel C Dennett},
   Title = {Darwin's Dangerous Idea: Evolution and the Meanings of Life},
   Publisher = {Simon & Schuster},
   Address = {New York},
   Year = {1995} }



@article{
   Author = {Michael Eisenberg},
   Title = {The material side of educational technology},
   Journal = {Communications of the ACM},
   Volume = {48},
   Number = {1},
   Pages = {51-54},
   Note = {1039569},
   Year = {2005} }



@inproceedings{
   Author = {M Eisenberg and L Buechley and N Elumeze},
   Title = {Computation and Construction Kits: Toward the Next Generation of Tangible Building Media for Children},
   BookTitle = {Cognition and Exploratory Learning in the Digital Age (CELDA 2004)},
   Address= {Lisbon, Portugal},
   Pages = {423-426},
   Year = {2004} }



@inproceedings{
   Author = {M. Eisenberg and A. Eisenberg and M. D. Gross and K. Kaowthumrong and N. Lee and W. Lovet},
   Title = {Computationally-enhanced Construction Kits for Children: Prototype and Principles},
   BookTitle = {Intl. Conf. of the Learning Sciences (ICLS)},
   Address= {Seattle, USA},
   Pages = {79–85},
   Year = {2002} }



@inproceedings{
   Author = {C. Esposito and W. B. Paley and J. Ong},
   Title = {Of Mice and Monkeys: A specialized input device for virtual body animation},
   BookTitle = {Symposium on Interactive 3D Graphics (I3D)},
   Publisher = {ACM},
   Pages = {109–114},
   Year = {1995} }



@inproceedings{
   Author = {Robert Fitch and Zack Butler},
   Title = {Scalable Locomotion for Large Self-Reconfiguring Robots},
   BookTitle = {Intl. Conf. on Robotics and Automation (ICRA)},
   Publisher = {IEEE},
   Pages = {2248–2253},
   Year = {2007} }



@article{
   Author = {J. Frazer and J. Frazer and P. Frazer},
   Title = {New Developments in Intelligent Modelling},
   Journal = {Computer Graphics},
   Volume = {81},
   Pages = {139–154},
   Year = {1981} }



@article{
   Author = {W. Fuerzeig and S. Papert and M. Bloom and S. Grant and C. Solomon},
   Title = {Programming-Languages as a Conceptual Framework for Teaching Mathematics},
   Journal = {ACM SIGCUE Outlook},
   Volume = {4},
   Number = {2},
   Pages = {13-17},
   Year = {1970} }



@article{
   Author = {Masahiro Fujita},
   Title = {AIBO: Toward the Era of Digital Creatures },
   Journal = {International Journal of Robotics Research},
   Volume = {20},
   Number = {10},
   Pages = {781-794},
   Year = {2001} }



@article{
   Author = {Martin Gardner},
   Title = {Mathematical Games: The Fantastic Combinations of John Conway's New Solitaire Game 'Life'},
   Journal = {Scientific American},
   Pages = {120-123},
   Month = {October},
   Year = {1970} }



@book{
   Author = {James Jerome Gibson},
   Title = {The Ecological Approach to Visual Perception},
   Publisher = {Houghton Mifflin},
   Address = {Boston},
   Year = {1979} }



@inproceedings{
   Author = {A. Girouard and E. T. Solovey and L. M. Hirshfield and S. Ecott and O. Shaer and R. J. K. Jacob},
   Title = {Smart blocks: A tangible mathematical manipulative},
   BookTitle = {Tangible and Embedded Interaction (TEI)},
   Publisher = {ACM},
   Pages = {183–186},
   Year = {2007} }



@article{
   Author = {Seth Copen Goldstein and Jason D Campbell and Todd C. Mowry},
   Title = {Programmable Matter},
   Journal = {IEEE Computer},
   Volume = {38},
   Number = {6},
   Pages = {99-101},
   Year = {2005} }



@inproceedings{
   Author = {M. Gorbet and M. Orth},
   Title = {Triangles: Design of a physical/digital construction kit},
   BookTitle = {Designing Interactive Systems (DIS)},
   Publisher = {ACM},
   Pages = {125–128},
   Year = {1997} }



@inproceedings{
   Author = {Matthew G Gorbet and Maggie Orth and Hiroshi Ishii},
   Title = {Triangles: tangible interface for manipulation and exploration of digital information topography},
   BookTitle = {Human Factors in Computing (CHI)},
   Address= {Los Angeles, USA},
   Publisher = {ACM},
   Pages = {49-56   },
   Note  = {274652
49-56},
   Year = {1998} }



@phdthesis{
   Author = {Mark D Gross},
   Title = {Design as Exploring Constraints},
   School = {Massachusetts Institute of Technology},
   Type = {Ph. D. dissertation},
   Year = {1986} }



@article{
   Author = {G J Hamlin and A C Sanderson},
   Title = {Tetrobot: a modular approach to parallel robotics},
   Journal = {Robotics & Automation},
   Volume = {4},
   Number = {1},
   Pages = {42-50},
   Year = {1997} }



@book{
   Author = {John Haugeland},
   Title = {Artificial Intelligence: The Very Idea},
   Publisher = {The MIT Press},
   Address = {Cambridge},
   Year = {1985} }



@book{
   Author = {Tom Igoe},
   Title = {Making Things Talk: Practical Methods for Connecting Physical Objects},
   Publisher = {O'Reilly},
   Address = {Sebastopol},
   Year = {2007} }



@inproceedings{
   Author = {M E Karagozler and J D Campbell and G K Fedder and S C Goldstein and M P Weller and B W    Yoon},
   Title = {Electrostatic latching for inter-module adhesion, power transfer, and communication in modular robots},
   BookTitle = {Intelligent Robots and Systems (IROS)},
   Address= {San Diego, USA},
   Publisher = {IEEE},
   Pages = {2779-2786},
   Year = {2007} }



@inproceedings{
   Author = {K Kotay and D Rus and M Vona and C McGray},
   Title = {The Self-Reconfiguring Robotic Molecule},
   BookTitle = {Intl. Conf. on Robotics and Automation (ICRA)},
   Publisher = {IEEE},
   Pages = {424-431},
   Year = {1998} }



@inproceedings{
   Author = {V. LeClerc and A. Parkes and H. Ishii},
   Title = {Senspectra: A computationally augmented physical modeling toolkit for sensing and visualization of structural strain},
   BookTitle = {Human Factors in Computing (CHI)},
   Address= {San Jose, USA},
   Publisher = {ACM},
   Pages = {801–804},
   Year = {2007} }



@article{
   Author = {Evan Malone and Hod Lipson},
   Title = {Fab@Home: the personal desktop fabricator kit},
   Journal = {Rapid Prototyping Journal},
   Volume = {13},
   Number = {4},
   Pages = {245 - 255},
   Year = {2007} }



@book{
   Author = {F G Martin},
   Title = {Robotic Explorations: A Hands-on Introduction to Engineering},
   Publisher = {Prentice Hall},
   Address = {Upper Saddle River},
   Year = {2000} }



@article{
   Author = {Timothy S. McNerney},
   Title = {From turtles to Tangible Programming Bricks: explorations in physical language design},
   Journal = {Personal Ubiquitous Computing},
   Volume = {8},
   Number = {5},
   Pages = {326-337},
   Note = {1023817},
   Year = {2004} }



@inproceedings{
   Author = {D.A. Mellis and M. Banzi and D. Cuartielles and T Igoe},
   Title = {Arduino: An open electronics prototyping platform},
   BookTitle = {Presented at ALT.CHI},
   Year = {2007} }



@inproceedings{
   Author = {Marek P. Michalowski and Selma Sabanovic and Hideki Kozima},
   Title = {A dancing robot for rhythmic social interaction},
   BookTitle = {Proceedings of the ACM/IEEE international conference on Human-robot interaction},
   Address= {Arlington, Virginia, USA},
   Publisher = {ACM},
   Note  = {1228729
89-96},
   Year = {2007} }



@inproceedings{
   Author = {Yasuhiro Minami and Minako Sawaki and Kohji Dohsaka and Ryuichiro Higashinaka and Kentaro Ishizuka and Hideki Isozaki and Tatsushi Matsubayashi and Masato Miyoshi and Atsushi Nakamura and Takanobu Oba and Hiroshi Sawada and Takeshi Yamada and Eisaku Maeda},
   Title = {The World of Mushrooms: Human-Computer Interaction Prototype Systems for Ambient Intelligence},
   BookTitle = {Intl. Conf. on Multimodal Interaction (ICMI)},
   Address= {Nagoya, Japan},
   Publisher = {ACM},
   Pages = {366-373},
   Year = {2007} }



@book{
   Author = {M Minsky},
   Title = {The Society of Mind},
   Publisher = {Simon & Schuster, Inc.},
   Address = {New York, NY, USA},
   Year = {1986} }



@inproceedings{
   Author = {A. Nakazawa and S. Nakaoka and K. Ikeuchi and K. Yokoi},
   Title = {Imitating human dance motions through motion structure analysis},
   BookTitle = {Intelligent Robots and System, 2002. IEEE/RSJ International Conference on},
   Volume = {3},
   Pages = {2539-2544},
   Keywords = {humanities
image motion analysis
image segmentation
image sequences
learning by example
legged locomotion
PC clusters
cameras
dance motion generation
dynamic balancing technique
end-effector trajectories
human dance motion imitation
humanoid robots
inverse-kinematics
motion capture system
motion elements
motion primitives
motion sequence
motion structure analysis
visual observation},
   Year = {2002} }



@book{
   Author = {Donald A Norman},
   Title = {The Psychology of Everyday Things},
   Publisher = {Basic Books},
   Address = {New York},
   Year = {1988} }



@article{
   Author = {Donald A Norman},
   Title = {Affordance, conventions, and design},
   Journal = {interactions},
   Volume = {6},
   Number = {3},
   Pages = {38-43},
   Note = {301168},
   Year = {1999} }



@incollection{
   Author = {Yeonjoo Oh and Ken Camarata and Michael Philetus Weller and Mark D Gross and Ellen Yi-Luen Do},
   Title = {TeleTables and Window Seat: bilocative furniture interfaces},
   BookTitle = {Ubiquitous Computing: Design, Implementation and Usability},
   Editor = {Theng, Yin-Leng and Duh, Henry},
   Publisher = {Information Science Reference},
   Address = {Hershey, USA},
   Year = {2008} }



@article{
   Author = {Esben H Ostergaard and Kristian Kassow and Richard Beck and Henrik Hautop Lund},
   Title = {Design of the ATRON Lattice-Based Self-Reconfigurable Robot},
   Journal = {Autonomous Robots},
   Volume = {21},
   Number = {2},
   Pages = {165-183},
   Year = {2006} }



@book{
   Author = {Dan O'Sullivan and Tom Igoe},
   Title = {Physical Computing: Sensing and Controlling the Physical World with Computers},
   Publisher = {Thomson Course Technology},
   Address = {Boston},
   Year = {2004} }



@book{
   Author = {Seymour Papert},
   Title = {Mindstorms: children, computers, and powerful ideas},
   Publisher = {Basic Books, Inc.},
   Address = {New York},
   Year = {1980} }



@inproceedings{
   Author = {A. Parkes and V. LeClerc and H. Ishii},
   Title = {Glume: exploring materiality in a soft augmented modular modeling system},
   BookTitle = {Extended Abstracts of Human Factors in Computing (CHI)},
   Publisher = {ACM},
   Pages = {1211–1216},
   Year = {2006} }



@inproceedings{
   Author = {H. Raffle and A. Parkes and H. Ishii},
   Title = {Topobo: A constructive assembly system with kinetic memory},
   BookTitle = {Human Factors in Computing (CHI)},
   Publisher = {ACM},
   Pages = {647-654},
   Year = {2004} }



@inproceedings{
   Author = {H. Raffle and A. Parkes and H. Ishii and J. Lifton},
   Title = {Beyond record and play: backpacks: tangible modulators for kinetic behavior},
   BookTitle = {Human Factors in Computing (CHI)},
   Publisher = {ACM Press},
   Pages = {681–690},
   Year = {2006} }



@inproceedings{
   Author = {Casey Reas and Benjamin Fry},
   Title = {Processing: a learning environment for creating interactive Web graphics},
   BookTitle = {SIGGRAPH Web Graphics},
   Address= {San Diego, California},
   Publisher = {ACM},
   Pages = {1-1},
   Note  = {965390},
   Year = {2003} }



@article{
   Author = {Mitchel Resnick and Amy Bruckman and Fred Martin},
   Title = {Pianos not stereos: creating computational construction kits},
   Journal = {interactions},
   Volume = {3},
   Number = {5},
   Pages = {40-50},
   Note = {234762},
   Year = {1996} }



@inproceedings{
   Author = {M Resnick and F Martin and R Berg and R Borovoy and V Colella and K Kramer and B Silverman},
   Title = {Digital manipulatives: new toys to think with},
   BookTitle = {Human Factors in Computing (CHI)},
   Address= {Los Angeles, USA},
   Publisher = {ACM Press},
   Pages = {281-287},
   Year = {1998} }



@article{
   Author = {M. Resnick and F. Martin and R. Sargent and B. Silverman},
   Title = {Programmable bricks: toys to think with},
   Journal = {IBM Systems Journal},
   Volume = {35},
   Number = {3-4},
   Pages = {443-452},
   Note = {243530},
   Year = {1996} }



@inproceedings{
   Author = {H W Rittel},
   Title = {The Reasoning of Designers},
   BookTitle = {International Congress on Planning and Design Theory},
   Publisher = {ASME},
   Year = {1987} }



@inproceedings{
   Author = {P W K Rothemund and E Winfree},
   Title = {The Program-Size Complexity of Self-Assembled Squares},
   BookTitle = {Symposium on Theory of Computing},
   Publisher = {ACM},
   Pages = {459-468},
   Year = {2000} }



@article{
   Author = {Daniela Rus and Marsette Vona},
   Title = {Crystalline robots: Self-reconfiguration with compressible unit modules},
   Journal = {Autonomous Robots},
   Volume = {10},
   Number = {1},
   Pages = {107–124},
   Year = {2001} }



@inproceedings{
   Author = {E. Schweikardt and M. D Gross},
   Title = {roBlocks: a robotic construction kit for mathematics and science education},
   BookTitle = {Intl. Conf. on Multimodal Interfaces (ICMI)},
   Address= {Banff, Canada},
   Publisher = {ACM},
   Pages = {72-75},
   Year = {2006} }



@book{
   Author = {H A Simon},
   Title = {The Sciences of the Artificial},
   Publisher = {MIT Press},
   Address = {Cambridge, MA, USA},
   Year = {1969} }



@inproceedings{
   Author = {K. Stoy and A. Lyder and R.F.M. Garcia and D. Christensen},
   Title = {Hierarchical Robots},
   BookTitle = {Workshop on Self-Reconfiguring Robots at Intelligent Robots and Systems (IROS)},
   Address= {San Diego, USA},
   Publisher = {IEEE},
   Year = {2007} }



@inproceedings{
   Author = {K Stoy and R Nagpal},
   Title = {Self-Reconfiguration Using Directed Growth},
   BookTitle = {Symposium on Distributed Autonomous Robotic Systems (DARS)},
   Pages = {1-10},
   Year = {2004} }



@book{
   Author = {Lucy A Suchman},
   Title = {Plans and Situated Actions: the problem of human-machine communication},
   Publisher = {Cambridge University Press},
   Address = {New York, New York, USA},
   Year = {1987} }



@inproceedings{
   Author = {J W Suh and S B Homans and M Yim},
   Title = {Telecubes: mechanical design of a module for self-reconfigurable robotics},
   BookTitle = {Intl. Conf. on Robotics and Automation (ICRA)},
   Publisher = {IEEE},
   Pages = {4095–4101},
   Year = {2002} }



@techreport{
   Author = {Ivan E Sutherland},
   Title = {Sketchpad: A man-machine graphical communication system},
   Type = {Ph.D. Thesis},
   Year = {1963} }



@article{
   Author = {G Theraulaz and E Bonabeau},
   Title = {Modelling the Collective Building of Complex Architectures in Social Insects with Lattice Swarms},
   Journal = {Journal of Theoretical Biology},
   Volume = {177},
   Number = {4},
   Pages = {381-400},
   Year = {1995} }



@inproceedings{
   Author = {S Vassilvitskii and M Yim and J Suh},
   Title = {A complete, local and parallel reconfiguration algorithm for cube style modular robots},
   BookTitle = {Intl. Conf. on Robotics and Automation (ICRA)},
   Publisher = {IEEE},
   Pages = {117–122},
   Year = {2002} }



@inproceedings{
   Author = {R. Watanabe and Y. Itoh and M. Asai and Y. Kitamura and F. Kishino and H. Kikuchi},
   Title = {The Soul of Activecube - implementing a flexible, multimodal, three-dimensional spatial tangible interface},
   BookTitle = {Advanced Computer Entertainment Technology (ACE)},
   Publisher = {ACM},
   Pages = {173-180},
   Year = {2004} }



@article{
   Author = {Mark Weiser},
   Title = {The Computer for the 21st Century},
   Journal = {SIGMOBILE Mobile Computing and Communations Review},
   Volume = {3},
   Number = {3},
   Pages = {3-11},
   Note = {329126},
   Year = {1999} }



@inproceedings{
   Author = {Michael Philetus Weller and Ellen Yi-Luen Do},
   Title = {Architectural Robotics: A New Paradigm for the Built Environment},
   BookTitle = {Design Sciences & Technology (EuropIA)},
   Address= {Montreal, Canada},
   Year = {2007} }



@inproceedings{
   Author = {Michael Philetus Weller and Ellen Yi-Luen Do and Mark D Gross},
   Title = {Escape Machine: teaching computational thinking with a tangible state machine game},
   BookTitle = {Interaction Design for Children},
   Address= {Chicago, USA},
   Publisher = {ACM},
   Note  = {to appear},
   Year = {2008} }



@inproceedings{
   Author = {Michael Philetus Weller and Ellen Yi-Luen Do and Mark D Gross},
   Title = {Posey: Instrumenting a Poseable Hub and Strut Construction Toy},
   BookTitle = {Tangible and Embedded Interaction (TEI)},
   Address= {Bonn, Germany},
   Publisher = {ACM},
   Pages = {39-46},
   Year = {2008} }



@inproceedings{
   Author = {Michael Philetus Weller and Mustafa Emre Karagozler and Brian Kirby and Jason D Campbell and Seth Copen Goldstein},
   Title = {Movement Primitives for an Orthogonal Prismatic Closed-Lattice-Constrained Self-Reconfiguring Module},
   BookTitle = {Workshop on Self-Reconfiguring Robots at Intelligent Robots and Systems (IROS)},
   Address= {San Diego, USA},
   Year = {2007} }



@article{
   Author = {J. M. Wing},
   Title = {Computational Thinking},
   Journal = {Communications of the ACM},
   Volume = {49},
   Number = {3},
   Pages = {33-35},
   Year = {2006} }



@article{
   Author = {S Wolfram},
   Title = {Statistical Mechanics of Cellular Automata},
   Journal = {Reviews of Modern Physics},
   Volume = {55},
   Number = {3},
   Pages = {601-644},
   Year = {1983} }



@inproceedings{
   Author = {Thomas Wrensch and Michael Eisenberg},
   Title = {The programmable hinge: toward computationally enhanced crafts},
   BookTitle = {User Interface Software and Technology (UIST)},
   Address= {San Francisco, USA},
   Publisher = {ACM},
   Pages = {89-96},
   Note  = {288577
},
   Year = {1998} }



@inproceedings{
   Author = {M Yim and D Duff and K Roufas},
   Title = {PolyBot: A Modular Reconfigurable Robot},
   BookTitle = {Intl. Conf. on Robotics and Automation (ICRA)},
   Publisher = {IEEE},
   Pages = {515-519},
   Year = {2000} }



@inproceedings{
   Author = {Oren Zuckerman and Saeed Arida and Mitchel Resnick},
   Title = {Extending Tangible Interfaces for Education: Digital Montessori-inspired Manipulatives},
   BookTitle = {Human Factors in Computing (CHI)},
   Address= {Portland, USA},
   Publisher = {ACM},
   Year = {2005} }



